2022 3314
99 50 174 96 (w,
197 49 230 92 3,
256 47 409 91 10—21)
792 38 1157 78 TRUOULENTUS.
1762 45 1819 89 55

824 185 1095 228 CALLICJAES.

99 264 154 306 At
185 264 220 305 si
250 262 394 304 verum
426 260 482 302 mi
512 259 625 302 eritis
656 257 809 309 fassae,
841 254 990 297 vinclis
1022 254 1307 297 exsolvemini.
1750 251 1823 297 (10)

810 338 1109 378 DINIARCHUS.

97 415 234 457 Etiam
267 414 387 465 nunc,
419 412 519 465 quid
550 412 603 453 sit
632 408 785 462 negoti,
818 405 999 460 pavidus
1031 409 1297 459 Incertasque
1328 407 1433 459 sum,

98 485 188 528 Nisi
218 484 318 538 quiit
349 483 473 525 timeo
504 479 656 523 tamen.

836 559 1085 600 ANCILLAE.

735 631 825 684 Ego
856 643 933 671 nec
965 628 1065 682 quid
1096 627 1270 682 peccavi
1301 627 1399 670 scio.

823 711 1094 754 GALLICLES.

7 792 74 827 775
99 789 293 832 Omnium
326 787 503 840 primum
537 786 732 827 diversae
763 783 889 825 state!
925 796 1003 835 em,
1036 783 1115 824 sic:
1149 781 1257 824 istuc
1288 780 1397 823 volo.

97 860 159 902 Ne
191 858 261 911 qui
292 857 398 900 inter
430 869 505 898 vos
537 854 794 909 significetis,
827 866 906 907 ego
937 866 1008 895 ero
1040 851 1193 906 piuies.
1254 852 1445 905 Loquere
1475 851 1530 893 tu.

849 936 1069 979 ANCILLA.

99 1011 209 1062 Quid
237 1011 416 1064 loquar?

828 1089 1098 1132 CALLICLES.

478 1162 588 1213 Quid
619 1175 747 1216 puero
778 1159 933 1202 finctum
965 1162 1042 1211 est,
1073 1171 1168 1201 mea
1199 1170 1323 1212 quem
1353 1155 1515 1211 peperit
1546 1154 1644 1209 filia,
1751 1149 1824 1195 (15)

97 1234 190 1277 Meo
221 1232 401 1286 nepete‘?
432 1233 573 1286 capita
604 1232 742 1275 rorum
774 1230 829 1272 mi
867 1228 1076 1284 expedito.

851 1313 1071 1355 ANCILLA.

1162 1382 1276 1425 Istae
1312 1379 1423 1425 dedi.

792 1466 1062 1508 CALLIGLES.

96 1542 186 1584 Iam
217 1544 321 1583 tace.
384 1539 623 1593 Accepistin
656 1538 831 1591 puerum
862 1540 907 1579 tu
936 1536 990 1578 ab
1021 1535 1131 1578 hac?

749 1619 957 1663 ANCILLA
990 1630 1179 1661 ALTERA.

1199 1687 1369 1741 Accepi.

830 1772 1101 1816 GALLICLES.

1436 1838 1563 1883 Tace.

9 1919 77 1955 780
103 1919 171 1962 Nil
202 1918 338 1961 moror
369 1921 606 1972 praeterea:
641 1914 744 1957 satis
776 1916 840 1956 est
868 1912 996 1955 fassa.

748 1996 956 2039 ANCILLA
987 2006 1178 2037 ALTERA.

1032 2064 1200 2108 Inficias
1231 2079 1315 2108 non
1349 2064 1410 2108 eo.

829 2148 1098 2192 CALLmLES.

102 2228 193 2268 Iam
223 2225 396 2267 livorem
428 2227 514 2265 tute
545 2221 731 2275 scapulis
762 2221 866 2263 istoc
897 2219 1122 2262 concinnas
1152 2220 1247 2261 tuis.

103 2295 366 2338 Conveniunt
396 2293 536 2335 adhuc
568 2292 780 2344 utriusque
808 2291 952 2334 verba.

814 2375 1112 2416 D1N1ARoHoS.

694 2492 697 2495 ,
1012 2444 1102 2485 Vae
1134 2443 1284 2484 misero
1316 2440 1433 2482 mihi!
1755 2432 1829 2477 (20)

104 2518 199 2560 Mea
229 2530 339 2558 nunc
371 2515 556 2557 sticiuora
587 2514 842 2568 aperiuntur,
877 2515 986 2557 clam
1018 2527 1127 2568 quae
1160 2512 1329 2568 speravi
1359 2511 1461 2554 fore.

200 2713 279 2748 772.
306 2712 412 2748 codd.
438 2712 555 2746 uineis
581 2711 733 2747 exsolue
759 2710 856 2754 mihi,
888 2710 960 2745 nisi
992 2711 1090 2755 quod
1121 2710 1160 2746 P.
1194 2709 1323 2746 iuncis.
1398 2709 1479 2744 773.
1504 2707 1609 2744 codd.
1634 2716 1830 2750 numquam

102 2784 138 2817 p.
165 2782 262 2806 nunc
287 2771 384 2815 quid.
412 2770 554 2805 Deinde
580 2769 684 2804 codd.
712 2768 802 2803 fassi
829 2768 884 2803 sin
911 2771 1102 2813 certusque
1128 2779 1224 2812 sum,
1249 2767 1320 2802 nisi
1347 2767 1446 2812 quod
1474 2767 1515 2803 P.
1550 2776 1657 2810 quam
1688 2775 1723 2808 p.
1748 2774 1829 2808 que.

105 2829 257 2874 Scripsi:
282 2829 448 2873 pavidus.
523 2827 601 2862 775.
628 2828 671 2862 V.
699 2828 743 2864 D.
770 2830 874 2863 stete.
899 2827 937 2863 P.
965 2827 1110 2862 diuersa
1142 2830 1208 2862 est.
1262 2826 1342 2862 776.
1375 2826 1482 2862 codd.
1515 2825 1567 2860 Ne
1598 2835 1633 2868 p.
1671 2823 1724 2858 Ne
1755 2822 1829 2866 qui.

104 2890 148 2924 V.
174 2888 218 2922 D.
245 2887 466 2931 loqueretur.
540 2887 620 2924 777.
645 2886 685 2923 P.
713 2889 833 2920 actum
859 2889 927 2929 est,
953 2886 997 2922 D.
1025 2887 1149 2921 datum
1176 2888 1242 2929 cst,
1268 2885 1313 2923 V.
1339 2885 1464 2920 datum
1483 2884 1540 2919 sit.
1615 2882 1693 2916 778.
1718 2881 1763 2916 V.
1783 2880 1829 2915 D.

103 2946 240 2990 nepoti.
267 2945 372 2980 codd.
397 2956 543 2990 omnes,
581 2955 651 2980 om.
676 2944 740 2978 mi:
780 2944 958 2988 expedite.
1000 2945 1154 2980 Bothius
1179 2943 1361 2987 expedito.
1404 2944 1448 2980 V.
1474 2943 1518 2979 D.
1545 2941 1613 2975 iste
1639 2939 1751 2976 dedit.
1786 2939 1829 2974 P.

103 3005 165 3040 isti
191 3004 303 3041 dedit
377 3005 457 3040 779.
482 3004 520 3038 Ρ.
540 3007 655 3040 ῑῑοθο.
681 3004 726 3040 V.
751 3003 795 3038 D.
823 3004 995 3048 accepisti
1021 3003 1057 3037 in
1082 3012 1246 3047 puerum.
1271 3001 1376 3038 codd.
1396 3011 1520 3037 omncs
1542 2999 1692 3042 accepit.
1749 2997 1829 3033 781.

104 3063 149 3099 V.
167 3063 316 3098 luorom.
354 3062 398 3098 V.
424 3063 468 3098 D.
494 3066 535 3097 ut
561 3065 618 3097 est
642 3062 785 3107 capulis
809 3072 843 3107 p
870 3065 948 3098 tute
974 3062 1145 3134 scapulis
1184 3061 1226 3096 P.
1252 3070 1320 3098 om.
1347 3063 1435 3099 tute.
1522 3058 1600 3095 782.
1625 3057 1670 3094 V.
1695 3057 1740 3095 D.
1767 3056 1828 3092 ad-

104 3121 269 3158 hunc—
296 3123 358 3157 tue
383 3120 514 3156 miscio
547 3120 628 3160 nisi
