<?xml version="1.0" encoding="UTF-8"?>
<!DOCTYPE html PUBLIC "-//W3C//DTD XHTML 1.0 Transitional//EN"
    "http://www.w3.org/TR/xhtml1/DTD/xhtml1-transitional.dtd">
<html xmlns="http://www.w3.org/1999/xhtml" xml:lang="en" lang="en">
 <head>
  <title>
</title>
<meta http-equiv="Content-Type" content="text/html;charset=utf-8" />
  <meta name='ocr-system' content='tesseract 3.04.00' />
  <meta name='ocr-capabilities' content='ocr_page ocr_carea ocr_par ocr_line ocrx_word'/>
</head>
<body>
  <div class='ocr_page' id='page_1' title='image "./truculentus00plauuoft_0064.png"; bbox 0 0 2022 3314; ppageno 0'>
   <div class='ocr_carea' id='block_1_1' title="bbox 215 40 1940 91">
    <p class='ocr_par' dir='ltr' id='par_1_1' title="bbox 215 40 1940 91">
     <span class='ocr_line' id='line_1_1' title="bbox 215 40 1940 91; baseline 0.005 -17"><span class='ocrx_word' id='word_1_1' title='bbox 215 41 271 85; x_wconf 84' lang='lat'>56</span> <span class='ocrx_word' id='word_1_2' title='bbox 770 77 774 79; x_wconf 77' lang='grc'><strong>,</strong></span> <span class='ocrx_word' id='word_1_3' title='bbox 973 40 1156 78; x_wconf 80' lang='lat' dir='ltr'>PLAU&#39;H</span> <span class='ocrx_word' id='word_1_4' title='bbox 1625 43 1702 89; x_wconf 83' lang='lat' dir='ltr'>(lv,</span> <span class='ocrx_word' id='word_1_5' title='bbox 1727 45 1759 90; x_wconf 88' lang='lat'>3,</span> <span class='ocrx_word' id='word_1_6' title='bbox 1785 45 1940 91; x_wconf 80' lang='lat'><strong>22—29)</strong></span> 
     </span>
    </p>
   </div>
   <div class='ocr_carea' id='block_1_2' title="bbox 218 232 1337 358">
    <p class='ocr_par' dir='ltr' id='par_1_2' title="bbox 218 232 1337 358">
     <span class='ocr_line' id='line_1_2' title="bbox 941 232 1211 276; baseline 0.004 -1"><span class='ocrx_word' id='word_1_7' title='bbox 941 232 1211 276; x_wconf 75' lang='lat' dir='ltr'><strong>GAmeLES.</strong></span> 
     </span>
     <span class='ocr_line' id='line_1_3' title="bbox 218 299 1337 358; baseline 0.004 -16"><span class='ocrx_word' id='word_1_8' title='bbox 218 299 407 352; x_wconf 77' lang='lat' dir='ltr'>Loquere</span> <span class='ocrx_word' id='word_1_9' title='bbox 437 299 498 344; x_wconf 77' lang='lat' dir='ltr'>tu:</span> <span class='ocrx_word' id='word_1_10' title='bbox 531 302 624 354; x_wconf 85' lang='lat' dir='ltr'>quis</span> <span class='ocrx_word' id='word_1_11' title='bbox 655 301 756 345; x_wconf 83' lang='lat' dir='ltr'>dare</span> <span class='ocrx_word' id='word_1_12' title='bbox 786 306 826 346; x_wconf 83' lang='lat' dir='ltr'>te</span> <span class='ocrx_word' id='word_1_13' title='bbox 858 303 953 346; x_wconf 89' lang='lat' dir='ltr'>huie</span> <span class='ocrx_word' id='word_1_14' title='bbox 983 304 1156 358; x_wconf 77' lang='lat' dir='ltr'>puerum</span> <span class='ocrx_word' id='word_1_15' title='bbox 1188 304 1337 350; x_wconf 72' lang='lat' dir='ltr'>iussit?</span> 
     </span>
    </p>
   </div>
   <div class='ocr_carea' id='block_1_3' title="bbox 966 410 1819 525">
    <p class='ocr_par' dir='ltr' id='par_1_3' title="bbox 966 410 1819 525">
     <span class='ocr_line' id='line_1_4' title="bbox 966 410 1184 453; baseline 0 -1"><span class='ocrx_word' id='word_1_16' title='bbox 966 410 1184 453; x_wconf 57' lang='lat' dir='ltr'><strong>Ancum.</strong></span> 
     </span>
     <span class='ocr_line' id='line_1_5' title="bbox 1433 481 1819 525; baseline -0.003 -1"><span class='ocrx_word' id='word_1_17' title='bbox 1433 483 1518 525; x_wconf 85' lang='lat' dir='ltr'>Era</span> <span class='ocrx_word' id='word_1_18' title='bbox 1549 482 1681 524; x_wconf 83' lang='lat' dir='ltr'>maior</span> <span class='ocrx_word' id='word_1_19' title='bbox 1711 481 1819 524; x_wconf 75' lang='lat' dir='ltr'>mea.</span> 
     </span>
    </p>
   </div>
   <div class='ocr_carea' id='block_1_4' title="bbox 121 585 1213 710">
    <p class='ocr_par' dir='ltr' id='par_1_4' title="bbox 121 585 1213 710">
     <span class='ocr_line' id='line_1_6' title="bbox 941 585 1213 629; baseline 0.004 -1"><span class='ocrx_word' id='word_1_20' title='bbox 941 585 1213 629; x_wconf 61' lang='lat' dir='ltr'><strong>CALmeLES.</strong></span> 
     </span>
     <span class='ocr_line' id='line_1_7' title="bbox 121 653 922 710; baseline -0.002 -11"><span class='ocrx_word' id='word_1_21' title='bbox 121 663 191 702; x_wconf 81' lang='grc'>785</span> <span class='ocrx_word' id='word_1_22' title='bbox 215 653 326 706; x_wconf 80' lang='lat' dir='ltr'>Quid</span> <span class='ocrx_word' id='word_1_23' title='bbox 356 656 432 698; x_wconf 87' lang='lat' dir='ltr'>tu‘?</span> <span class='ocrx_word' id='word_1_24' title='bbox 464 656 537 700; x_wconf 76' lang='lat' dir='ltr'>et&#39;u·</span> <span class='ocrx_word' id='word_1_25' title='bbox 567 670 661 700; x_wconf 87' lang='lat' dir='ltr'>eum</span> <span class='ocrx_word' id='word_1_26' title='bbox 693 655 922 710; x_wconf 79' lang='lat' dir='ltr'>accepisti?</span> 
     </span>
    </p>
   </div>
   <div class='ocr_carea' id='block_1_5' title="bbox 214 763 1588 957">
    <p class='ocr_par' dir='ltr' id='par_1_5' title="bbox 214 763 1588 957">
     <span class='ocr_line' id='line_1_8' title="bbox 863 763 1292 804; baseline 0.002 -1"><span class='ocrx_word' id='word_1_27' title='bbox 863 763 1068 804; x_wconf 45' lang='lat' dir='ltr'>Arcenam,</span> <span class='ocrx_word' id='word_1_28' title='bbox 1103 775 1292 804; x_wconf 74' lang='lat' dir='ltr'><strong>ALTERA.</strong></span> 
     </span>
     <span class='ocr_line' id='line_1_9' title="bbox 1002 833 1588 887; baseline 0.002 -13"><span class='ocrx_word' id='word_1_29' title='bbox 1002 834 1087 874; x_wconf 86' lang='lat' dir='ltr'>Era</span> <span class='ocrx_word' id='word_1_30' title='bbox 1118 847 1185 876; x_wconf 88' lang='lat' dir='ltr'>me</span> <span class='ocrx_word' id='word_1_31' title='bbox 1218 833 1413 887; x_wconf 72' lang='lat' dir='ltr'>rogitavit</span> <span class='ocrx_word' id='word_1_32' title='bbox 1444 833 1588 886; x_wconf 70' lang='lat' dir='ltr'>minet,</span> 
     </span>
     <span class='ocr_line' id='line_1_10' title="bbox 214 901 1339 957; baseline 0.002 -14"><span class='ocrx_word' id='word_1_33' title='bbox 214 901 321 944; x_wconf 87' lang='lat' dir='ltr'>Puer</span> <span class='ocrx_word' id='word_1_34' title='bbox 353 906 398 945; x_wconf 85' lang='lat' dir='ltr'>ut</span> <span class='ocrx_word' id='word_1_35' title='bbox 427 902 647 946; x_wconf 71' lang='lat' dir='ltr'>afferretur</span> <span class='ocrx_word' id='word_1_36' title='bbox 679 903 815 957; x_wconf 77' lang='lat' dir='ltr'>eaque</span> <span class='ocrx_word' id='word_1_37' title='bbox 846 907 889 946; x_wconf 86' lang='lat' dir='ltr'>ut</span> <span class='ocrx_word' id='word_1_38' title='bbox 920 903 1158 946; x_wconf 81' lang='lat' dir='ltr'>celarentur</span> <span class='ocrx_word' id='word_1_39' title='bbox 1188 904 1339 946; x_wconf 72' lang='lat' dir='ltr'>omnia.</span> 
     </span>
    </p>
   </div>
   <div class='ocr_carea' id='block_1_6' title="bbox 213 1009 1214 1133">
    <p class='ocr_par' dir='ltr' id='par_1_6' title="bbox 213 1009 1214 1133">
     <span class='ocr_line' id='line_1_11' title="bbox 944 1009 1214 1052; baseline 0 0"><span class='ocrx_word' id='word_1_40' title='bbox 944 1009 1214 1052; x_wconf 72' lang='lat' dir='ltr'><strong>CALLICLES.</strong></span> 
     </span>
     <span class='ocr_line' id='line_1_12' title="bbox 213 1077 1079 1133; baseline 0.002 -13"><span class='ocrx_word' id='word_1_41' title='bbox 213 1077 403 1132; x_wconf 78' lang='lat' dir='ltr'>Loquere</span> <span class='ocrx_word' id='word_1_42' title='bbox 433 1079 497 1122; x_wconf 82' lang='lat' dir='ltr'>tu:</span> <span class='ocrx_word' id='word_1_43' title='bbox 530 1078 641 1130; x_wconf 77' lang='lat' dir='ltr'>Quid</span> <span class='ocrx_word' id='word_1_44' title='bbox 673 1094 722 1123; x_wconf 91' lang='lat' dir='ltr'>eo</span> <span class='ocrx_word' id='word_1_45' title='bbox 754 1079 887 1123; x_wconf 80' lang='lat' dir='ltr'>fecisti</span> <span class='ocrx_word' id='word_1_46' title='bbox 919 1081 1079 1133; x_wconf 79' lang='lat' dir='ltr'>puero?</span> 
     </span>
    </p>
   </div>
   <div class='ocr_carea' id='block_1_7' title="bbox 860 1186 1944 1304">
    <p class='ocr_par' dir='ltr' id='par_1_7' title="bbox 860 1186 1944 1304">
     <span class='ocr_line' id='line_1_13' title="bbox 860 1186 1786 1230; baseline -0.002 -1"><span class='ocrx_word' id='word_1_47' title='bbox 860 1186 1067 1230; x_wconf 66' lang='lat' dir='ltr'>ANelnLA</span> <span class='ocrx_word' id='word_1_48' title='bbox 1102 1199 1292 1230; x_wconf 75' lang='lat' dir='ltr'><strong>ALTERA.</strong></span> <span class='ocrx_word' id='word_1_49' title='bbox 1784 1224 1786 1227; x_wconf 79' lang='grc'>,</span> 
     </span>
     <span class='ocr_line' id='line_1_14' title="bbox 1162 1255 1944 1304; baseline -0.003 -4"><span class='ocrx_word' id='word_1_50' title='bbox 1162 1258 1230 1300; x_wconf 89' lang='lat' dir='ltr'>Ad</span> <span class='ocrx_word' id='word_1_51' title='bbox 1262 1258 1399 1301; x_wconf 72' lang='lat' dir='ltr'>meam</span> <span class='ocrx_word' id='word_1_52' title='bbox 1431 1272 1546 1303; x_wconf 86' lang='lat' dir='ltr'>eram</span> <span class='ocrx_word' id='word_1_53' title='bbox 1577 1258 1719 1304; x_wconf 83' lang='lat' dir='ltr'>detuli.</span> <span class='ocrx_word' id='word_1_54' title='bbox 1871 1255 1944 1298; x_wconf 76' lang='lat'>(25)</span> 
     </span>
    </p>
   </div>
   <div class='ocr_carea' id='block_1_8' title="bbox 212 1363 1212 1485">
    <p class='ocr_par' dir='ltr' id='par_1_8' title="bbox 212 1363 1212 1485">
     <span class='ocr_line' id='line_1_15' title="bbox 942 1363 1212 1407; baseline 0 0"><span class='ocrx_word' id='word_1_55' title='bbox 942 1363 1212 1407; x_wconf 51' lang='lat' dir='ltr'><strong>CA11121012135.</strong></span> 
     </span>
     <span class='ocr_line' id='line_1_16' title="bbox 212 1428 930 1485; baseline 0.006 -14"><span class='ocrx_word' id='word_1_56' title='bbox 212 1428 321 1481; x_wconf 81' lang='lat' dir='ltr'>Quid</span> <span class='ocrx_word' id='word_1_57' title='bbox 353 1443 402 1473; x_wconf 86' lang='lat' dir='ltr'>eo</span> <span class='ocrx_word' id='word_1_58' title='bbox 435 1432 564 1485; x_wconf 81' lang='lat' dir='ltr'>puero</span> <span class='ocrx_word' id='word_1_59' title='bbox 595 1435 668 1476; x_wconf 84' lang='lat' dir='ltr'>tua</span> <span class='ocrx_word' id='word_1_60' title='bbox 698 1446 771 1476; x_wconf 85' lang='lat' dir='ltr'>era</span> <span class='ocrx_word' id='word_1_61' title='bbox 802 1433 930 1477; x_wconf 78' lang='lat' dir='ltr'>feeit?</span> 
     </span>
    </p>
   </div>
   <div class='ocr_carea' id='block_1_9' title="bbox 861 1540 1679 1668">
    <p class='ocr_par' dir='ltr' id='par_1_9' title="bbox 861 1540 1679 1668">
     <span class='ocr_line' id='line_1_17' title="bbox 861 1540 1291 1584; baseline 0.005 -2"><span class='ocrx_word' id='word_1_62' title='bbox 861 1540 1067 1582; x_wconf 77' lang='lat' dir='ltr'>ANCILLA</span> <span class='ocrx_word' id='word_1_63' title='bbox 1100 1552 1291 1584; x_wconf 79' lang='lat' dir='ltr'><strong>ALTERA.</strong></span> 
     </span>
     <span class='ocr_line' id='line_1_18' title="bbox 1012 1612 1679 1668; baseline 0.004 -15"><span class='ocrx_word' id='word_1_64' title='bbox 1012 1612 1121 1654; x_wconf 83' lang='lat' dir='ltr'>Erae</span> <span class='ocrx_word' id='word_1_65' title='bbox 1155 1626 1274 1655; x_wconf 89' lang='lat' dir='ltr'>meae</span> <span class='ocrx_word' id='word_1_66' title='bbox 1305 1612 1515 1668; x_wconf 76' lang='lat' dir='ltr'>extemplo</span> <span class='ocrx_word' id='word_1_67' title='bbox 1550 1612 1679 1656; x_wconf 87' lang='lat' dir='ltr'>dedit.</span> 
     </span>
    </p>
   </div>
   <div class='ocr_carea' id='block_1_10' title="bbox 121 1717 1942 1910">
    <p class='ocr_par' dir='ltr' id='par_1_10' title="bbox 121 1717 1942 1910">
     <span class='ocr_line' id='line_1_19' title="bbox 938 1717 1209 1761; baseline -0.007 0"><span class='ocrx_word' id='word_1_68' title='bbox 938 1717 1209 1761; x_wconf 75' lang='lat' dir='ltr'><strong>CALLICLES.</strong></span> 
     </span>
     <span class='ocr_line' id='line_1_20' title="bbox 212 1781 1942 1844; baseline 0.005 -20"><span class='ocrx_word' id='word_1_69' title='bbox 212 1781 331 1836; x_wconf 81' lang='lat' dir='ltr'>Quoi,</span> <span class='ocrx_word' id='word_1_70' title='bbox 365 1784 534 1837; x_wconf 81' lang='lat' dir='ltr'>malum,</span> <span class='ocrx_word' id='word_1_71' title='bbox 568 1785 696 1829; x_wconf 83' lang='lat' dir='ltr'>e&#39;rae‘?</span> <span class='ocrx_word' id='word_1_72' title='bbox 727 1788 876 1831; x_wconf 82' lang='lat' dir='ltr'>Duaen</span> <span class='ocrx_word' id='word_1_73' title='bbox 909 1792 1009 1831; x_wconf 82' lang='lat' dir='ltr'>Sunt</span> <span class='ocrx_word' id='word_1_74' title='bbox 1038 1788 1182 1831; x_wconf 78' lang='lat' dir='ltr'>istae?</span> <span class='ocrx_word' id='word_1_75' title='bbox 1221 1789 1336 1833; x_wconf 85' lang='lat' dir='ltr'>Cave</span> <span class='ocrx_word' id='word_1_76' title='bbox 1366 1794 1429 1844; x_wconf 86' lang='lat' dir='ltr'>tu,</span> <span class='ocrx_word' id='word_1_77' title='bbox 1470 1791 1562 1844; x_wconf 82' lang='lat' dir='ltr'>nisi,</span> <span class='ocrx_word' id='word_1_78' title='bbox 1603 1790 1714 1844; x_wconf 89' lang='lat' dir='ltr'>quod</span> <span class='ocrx_word' id='word_1_79' title='bbox 1750 1793 1791 1833; x_wconf 86' lang='lat' dir='ltr'>te</span> <span class='ocrx_word' id='word_1_80' title='bbox 1827 1790 1942 1844; x_wconf 81' lang='lat' dir='ltr'>rogo,</span> 
     </span>
     <span class='ocr_line' id='line_1_21' title="bbox 121 1850 1210 1910; baseline 0 -12"><span class='ocrx_word' id='word_1_81' title='bbox 121 1862 190 1898; x_wconf 80' lang='lat'>790</span> <span class='ocrx_word' id='word_1_82' title='bbox 215 1851 417 1908; x_wconf 79' lang='lat' dir='ltr'>Quaeque</span> <span class='ocrx_word' id='word_1_83' title='bbox 447 1857 632 1910; x_wconf 79' lang='lat' dir='ltr'>exquiro.</span> <span class='ocrx_word' id='word_1_84' title='bbox 1206 1850 1210 1853; x_wconf 82' lang='grc'><strong>’</strong></span> 
     </span>
    </p>
   </div>
   <div class='ocr_carea' id='block_1_11' title="bbox 708 1964 1521 2089">
    <p class='ocr_par' dir='ltr' id='par_1_11' title="bbox 708 1964 1521 2089">
     <span class='ocr_line' id='line_1_22' title="bbox 858 1964 1291 2010; baseline 0.012 -5"><span class='ocrx_word' id='word_1_85' title='bbox 858 1964 1065 2008; x_wconf 68' lang='lat' dir='ltr'>ANOELLA</span> <span class='ocrx_word' id='word_1_86' title='bbox 1100 1978 1291 2010; x_wconf 75' lang='lat' dir='ltr'><strong>ALTERA.</strong></span> 
     </span>
     <span class='ocr_line' id='line_1_23' title="bbox 708 2035 1521 2089; baseline 0.005 -12"><span class='ocrx_word' id='word_1_87' title='bbox 708 2035 853 2088; x_wconf 83' lang='lat' dir='ltr'>Mater,</span> <span class='ocrx_word' id='word_1_88' title='bbox 886 2037 1076 2089; x_wconf 86' lang='lat' dir='ltr'>inquam,</span> <span class='ocrx_word' id='word_1_89' title='bbox 1110 2036 1222 2080; x_wconf 74' lang='lat' dir='ltr'>filiae</span> <span class='ocrx_word' id='word_1_90' title='bbox 1254 2037 1363 2081; x_wconf 91' lang='lat' dir='ltr'>dono</span> <span class='ocrx_word' id='word_1_91' title='bbox 1395 2038 1521 2082; x_wconf 80' lang='lat' dir='ltr'>dedit.</span> 
     </span>
    </p>
   </div>
   <div class='ocr_carea' id='block_1_12' title="bbox 208 2141 1209 2265">
    <p class='ocr_par' dir='ltr' id='par_1_12' title="bbox 208 2141 1209 2265">
     <span class='ocr_line' id='line_1_24' title="bbox 940 2141 1209 2186; baseline 0 0"><span class='ocrx_word' id='word_1_92' title='bbox 940 2141 1209 2186; x_wconf 76' lang='lat' dir='ltr'><strong>CALmeLES.</strong></span> 
     </span>
     <span class='ocr_line' id='line_1_25' title="bbox 208 2207 892 2265; baseline 0.006 -14"><span class='ocrx_word' id='word_1_93' title='bbox 208 2207 308 2252; x_wconf 81' lang='lat' dir='ltr'>Plus</span> <span class='ocrx_word' id='word_1_94' title='bbox 338 2222 464 2263; x_wconf 88' lang='lat' dir='ltr'>quam</span> <span class='ocrx_word' id='word_1_95' title='bbox 496 2209 653 2254; x_wconf 76' lang='lat' dir='ltr'>dudum</span> <span class='ocrx_word' id='word_1_96' title='bbox 685 2211 892 2265; x_wconf 83' lang='lat' dir='ltr'>eloquere.</span> 
     </span>
    </p>
   </div>
   <div class='ocr_carea' id='block_1_13' title="bbox 860 2319 1316 2444">
    <p class='ocr_par' dir='ltr' id='par_1_13' title="bbox 860 2319 1316 2444">
     <span class='ocr_line' id='line_1_26' title="bbox 860 2319 1291 2364; baseline 0.005 -2"><span class='ocrx_word' id='word_1_97' title='bbox 860 2319 1065 2362; x_wconf 56' lang='lat' dir='ltr'>AN011212A</span> <span class='ocrx_word' id='word_1_98' title='bbox 1100 2332 1291 2364; x_wconf 71' lang='lat' dir='ltr'><strong>ALTERA.</strong></span> 
     </span>
     <span class='ocr_line' id='line_1_27' title="bbox 938 2390 1316 2444; baseline 0.005 -13"><span class='ocrx_word' id='word_1_99' title='bbox 938 2390 1038 2433; x_wconf 78' lang='lat' dir='ltr'>Plus</span> <span class='ocrx_word' id='word_1_100' title='bbox 1070 2394 1114 2434; x_wconf 87' lang='lat' dir='ltr'>tu</span> <span class='ocrx_word' id='word_1_101' title='bbox 1144 2391 1316 2444; x_wconf 75' lang='lat' dir='ltr'>rogitas.</span> 
     </span>
    </p>
   </div>
   <div class='ocr_carea' id='block_1_14' title="bbox 207 2583 1968 3102">
    <p class='ocr_par' dir='ltr' id='par_1_14' title="bbox 207 2583 1968 3102">
     <span class='ocr_line' id='line_1_28' title="bbox 304 2583 1936 2631; baseline 0.002 -13"><span class='ocrx_word' id='word_1_102' title='bbox 304 2583 382 2618; x_wconf 78' lang='lat'><strong>784.</strong></span> <span class='ocrx_word' id='word_1_103' title='bbox 410 2585 515 2620; x_wconf 85' lang='lat' dir='ltr'>codd.</span> <span class='ocrx_word' id='word_1_104' title='bbox 542 2586 603 2629; x_wconf 86' lang='lat' dir='ltr'>qui</span> <span class='ocrx_word' id='word_1_105' title='bbox 628 2596 663 2630; x_wconf 87' lang='lat' dir='ltr'>p.</span> <span class='ocrx_word' id='word_1_106' title='bbox 691 2586 773 2630; x_wconf 87' lang='lat' dir='ltr'>quis</span> <span class='ocrx_word' id='word_1_107' title='bbox 802 2607 842 2611; x_wconf 93' lang='lat'>—</span> <span class='ocrx_word' id='word_1_108' title='bbox 870 2586 940 2622; x_wconf 88' lang='lat' dir='ltr'>hue</span> <span class='ocrx_word' id='word_1_109' title='bbox 965 2598 999 2631; x_wconf 83' lang='lat' dir='ltr'>p.</span> <span class='ocrx_word' id='word_1_110' title='bbox 1026 2586 1120 2624; x_wconf 78' lang='lat' dir='ltr'><strong>huic.</strong></span> <span class='ocrx_word' id='word_1_111' title='bbox 1146 2586 1190 2622; x_wconf 89' lang='lat' dir='ltr'>V.</span> <span class='ocrx_word' id='word_1_112' title='bbox 1218 2587 1261 2622; x_wconf 90' lang='lat' dir='ltr'>D.</span> <span class='ocrx_word' id='word_1_113' title='bbox 1294 2588 1347 2622; x_wconf 72' lang='lat' dir='ltr'>ira</span> <span class='ocrx_word' id='word_1_114' title='bbox 1371 2599 1405 2631; x_wconf 84' lang='lat' dir='ltr'>p.</span> <span class='ocrx_word' id='word_1_115' title='bbox 1433 2599 1504 2624; x_wconf 68' lang='lat' dir='ltr'>ora.</span> <span class='ocrx_word' id='word_1_116' title='bbox 1582 2588 1659 2625; x_wconf 70' lang='lat'><strong>785.</strong></span> <span class='ocrx_word' id='word_1_117' title='bbox 1693 2589 1736 2624; x_wconf 94' lang='lat' dir='ltr'>V.</span> <span class='ocrx_word' id='word_1_118' title='bbox 1768 2588 1812 2624; x_wconf 88' lang='lat' dir='ltr'>D.</span> <span class='ocrx_word' id='word_1_119' title='bbox 1839 2598 1936 2623; x_wconf 73' lang='lat' dir='ltr'>eram</span> 
     </span>
     <span class='ocr_line' id='line_1_29' title="bbox 208 2642 1935 2689; baseline 0.003 -13"><span class='ocrx_word' id='word_1_120' title='bbox 208 2652 269 2677; x_wconf 87' lang='lat' dir='ltr'>ero</span> <span class='ocrx_word' id='word_1_121' title='bbox 283 2642 338 2676; x_wconf 80' lang='lat' dir='ltr'>uit</span> <span class='ocrx_word' id='word_1_122' title='bbox 357 2643 483 2679; x_wconf 82' lang='lat' dir='ltr'>minor.</span> <span class='ocrx_word' id='word_1_123' title='bbox 502 2643 541 2678; x_wconf 88' lang='grc' dir='ltr'>Ρ.</span> <span class='ocrx_word' id='word_1_124' title='bbox 556 2643 642 2678; x_wconf 72' lang='lat' dir='ltr'>hora</span> <span class='ocrx_word' id='word_1_125' title='bbox 663 2655 717 2678; x_wconf 86' lang='lat' dir='ltr'>me</span> <span class='ocrx_word' id='word_1_126' title='bbox 738 2645 883 2689; x_wconf 68' lang='lat' dir='ltr'>rogavit</span> <span class='ocrx_word' id='word_1_127' title='bbox 896 2646 1021 2683; x_wconf 86' lang='lat' dir='ltr'>minor.</span> <span class='ocrx_word' id='word_1_128' title='bbox 1079 2647 1157 2683; x_wconf 67' lang='lat'><strong>786.</strong></span> <span class='ocrx_word' id='word_1_129' title='bbox 1173 2646 1276 2681; x_wconf 84' lang='lat' dir='ltr'>codd.</span> <span class='ocrx_word' id='word_1_130' title='bbox 1294 2646 1455 2683; x_wconf 56' lang='lat' dir='ltr'>staretur.</span> <span class='ocrx_word' id='word_1_131' title='bbox 1473 2647 1515 2681; x_wconf 89' lang='lat' dir='ltr'>V.</span> <span class='ocrx_word' id='word_1_132' title='bbox 1531 2647 1699 2683; x_wconf 72' lang='lat' dir='ltr'>muniam.</span> <span class='ocrx_word' id='word_1_133' title='bbox 1727 2647 1803 2681; x_wconf 79' lang='lat'><strong>787.</strong></span> <span class='ocrx_word' id='word_1_134' title='bbox 1831 2647 1875 2683; x_wconf 92' lang='lat' dir='ltr'>V.</span> <span class='ocrx_word' id='word_1_135' title='bbox 1889 2648 1935 2682; x_wconf 74' lang='lat' dir='ltr'>ad</span> 
     </span>
     <span class='ocr_line' id='line_1_30' title="bbox 208 2703 1934 2749; baseline 0.002 -14"><span class='ocrx_word' id='word_1_136' title='bbox 208 2711 288 2736; x_wconf 71' lang='lat' dir='ltr'>mea</span> <span class='ocrx_word' id='word_1_137' title='bbox 313 2712 350 2736; x_wconf 86' lang='lat' dir='ltr'>re</span> <span class='ocrx_word' id='word_1_138' title='bbox 376 2703 570 2747; x_wconf 76' lang='lat' dir='ltr'>(suprascr.</span> <span class='ocrx_word' id='word_1_139' title='bbox 598 2705 667 2747; x_wconf 82' lang='lat' dir='ltr'>me)</span> <span class='ocrx_word' id='word_1_140' title='bbox 689 2703 813 2748; x_wconf 67' lang='lat' dir='ltr'>detuli,</span> <span class='ocrx_word' id='word_1_141' title='bbox 836 2704 878 2740; x_wconf 89' lang='lat' dir='ltr'>D.</span> <span class='ocrx_word' id='word_1_142' title='bbox 900 2704 945 2738; x_wconf 81' lang='lat' dir='ltr'>ad</span> <span class='ocrx_word' id='word_1_143' title='bbox 969 2716 1084 2739; x_wconf 77' lang='lat' dir='ltr'>meum</span> <span class='ocrx_word' id='word_1_144' title='bbox 1107 2716 1178 2739; x_wconf 77' lang='lat' dir='ltr'>rem</span> <span class='ocrx_word' id='word_1_145' title='bbox 1201 2705 1325 2742; x_wconf 71' lang='lat' dir='ltr'>detuli.</span> <span class='ocrx_word' id='word_1_146' title='bbox 1377 2706 1455 2740; x_wconf 64' lang='lat'><strong>783.</strong></span> <span class='ocrx_word' id='word_1_147' title='bbox 1471 2706 1513 2740; x_wconf 89' lang='lat' dir='ltr'>V.</span> <span class='ocrx_word' id='word_1_148' title='bbox 1536 2705 1636 2746; x_wconf 68' lang='lat' dir='ltr'>Quut</span> <span class='ocrx_word' id='word_1_149' title='bbox 1667 2715 1710 2740; x_wconf 83' lang='lat' dir='ltr'>eo</span> <span class='ocrx_word' id='word_1_150' title='bbox 1742 2715 1865 2749; x_wconf 76' lang='lat' dir='ltr'>puero,</span> <span class='ocrx_word' id='word_1_151' title='bbox 1891 2706 1934 2740; x_wconf 88' lang='lat' dir='ltr'>D-</span> 
     </span>
     <span class='ocr_line' id='line_1_31' title="bbox 207 2759 1933 2807; baseline 0.004 -15"><span class='ocrx_word' id='word_1_152' title='bbox 207 2759 265 2794; x_wconf 83' lang='lat' dir='ltr'>eui</span> <span class='ocrx_word' id='word_1_153' title='bbox 291 2762 326 2795; x_wconf 82' lang='lat' dir='ltr'>te</span> <span class='ocrx_word' id='word_1_154' title='bbox 351 2771 474 2806; x_wconf 83' lang='lat' dir='ltr'>puero,</span> <span class='ocrx_word' id='word_1_155' title='bbox 512 2761 551 2797; x_wconf 91' lang='lat' dir='ltr'>P.</span> <span class='ocrx_word' id='word_1_156' title='bbox 579 2761 675 2803; x_wconf 75' lang='lat' dir='ltr'>Quid</span> <span class='ocrx_word' id='word_1_157' title='bbox 693 2762 738 2796; x_wconf 87' lang='lat' dir='ltr'>de</span> <span class='ocrx_word' id='word_1_158' title='bbox 764 2772 887 2806; x_wconf 71' lang='lat' dir='ltr'>puero.</span> <span class='ocrx_word' id='word_1_159' title='bbox 925 2763 969 2798; x_wconf 95' lang='lat' dir='ltr'>V.</span> <span class='ocrx_word' id='word_1_160' title='bbox 995 2763 1039 2798; x_wconf 90' lang='lat' dir='ltr'>D.</span> <span class='ocrx_word' id='word_1_161' title='bbox 1068 2767 1130 2797; x_wconf 78' lang='lat' dir='ltr'>tuo</span> <span class='ocrx_word' id='word_1_162' title='bbox 1158 2774 1219 2798; x_wconf 75' lang='lat' dir='ltr'>ora</span> <span class='ocrx_word' id='word_1_163' title='bbox 1253 2763 1339 2798; x_wconf 72' lang='lat' dir='ltr'>facit</span> <span class='ocrx_word' id='word_1_164' title='bbox 1367 2785 1407 2789; x_wconf 91' lang='lat'><strong>—</strong></span> <span class='ocrx_word' id='word_1_165' title='bbox 1441 2774 1531 2800; x_wconf 74' lang='lat' dir='ltr'>mea.</span> <span class='ocrx_word' id='word_1_166' title='bbox 1561 2764 1601 2801; x_wconf 93' lang='lat' dir='ltr'>V.</span> <span class='ocrx_word' id='word_1_167' title='bbox 1629 2763 1804 2807; x_wconf 75' lang='lat' dir='ltr'>exemplo.</span> <span class='ocrx_word' id='word_1_168' title='bbox 1852 2764 1933 2799; x_wconf 77' lang='lat'><strong>789.</strong></span> 
     </span>
     <span class='ocr_line' id='line_1_32' title="bbox 207 2818 1932 2867; baseline 0.003 -14"><span class='ocrx_word' id='word_1_169' title='bbox 207 2818 251 2856; x_wconf 94' lang='lat' dir='ltr'><strong>V.</strong></span> <span class='ocrx_word' id='word_1_170' title='bbox 278 2819 322 2854; x_wconf 93' lang='lat' dir='ltr'><strong>D.</strong></span> <span class='ocrx_word' id='word_1_171' title='bbox 349 2829 431 2854; x_wconf 86' lang='lat' dir='ltr'>aere</span> <span class='ocrx_word' id='word_1_172' title='bbox 457 2830 491 2864; x_wconf 90' lang='lat' dir='ltr'><strong>p.</strong></span> <span class='ocrx_word' id='word_1_173' title='bbox 518 2830 613 2855; x_wconf 75' lang='lat' dir='ltr'>erae.</span> <span class='ocrx_word' id='word_1_174' title='bbox 639 2821 745 2857; x_wconf 83' lang='lat' dir='ltr'>codd.</span> <span class='ocrx_word' id='word_1_175' title='bbox 771 2832 898 2856; x_wconf 82' lang='lat' dir='ltr'>omnes</span> <span class='ocrx_word' id='word_1_176' title='bbox 926 2821 1030 2857; x_wconf 81' lang='lat' dir='ltr'>duae.</span> <span class='ocrx_word' id='word_1_177' title='bbox 1071 2821 1114 2857; x_wconf 90' lang='lat' dir='ltr'><strong>V.</strong></span> <span class='ocrx_word' id='word_1_178' title='bbox 1142 2827 1226 2858; x_wconf 72' lang='lat' dir='ltr'>earu</span> <span class='ocrx_word' id='word_1_179' title='bbox 1253 2822 1332 2867; x_wconf 77' lang='lat' dir='ltr'>iste,</span> <span class='ocrx_word' id='word_1_180' title='bbox 1375 2822 1418 2859; x_wconf 93' lang='lat' dir='ltr'><strong>D.</strong></span> <span class='ocrx_word' id='word_1_181' title='bbox 1445 2825 1529 2857; x_wconf 71' lang='lat' dir='ltr'>catu</span> <span class='ocrx_word' id='word_1_182' title='bbox 1557 2821 1635 2866; x_wconf 81' lang='lat' dir='ltr'>nisi,</span> <span class='ocrx_word' id='word_1_183' title='bbox 1674 2821 1712 2858; x_wconf 91' lang='lat' dir='ltr'><strong>P.</strong></span> <span class='ocrx_word' id='word_1_184' title='bbox 1739 2832 1828 2857; x_wconf 81' lang='lat' dir='ltr'>caue</span> <span class='ocrx_word' id='word_1_185' title='bbox 1854 2822 1932 2859; x_wconf 73' lang='lat' dir='ltr'><strong>nisi.</strong></span> 
     </span>
     <span class='ocr_line' id='line_1_33' title="bbox 208 2877 1932 2924; baseline 0.002 -13"><span class='ocrx_word' id='word_1_186' title='bbox 208 2877 286 2913; x_wconf 83' lang='lat'><strong>790.</strong></span> <span class='ocrx_word' id='word_1_187' title='bbox 312 2877 356 2913; x_wconf 93' lang='lat' dir='ltr'><strong>V.</strong></span> <span class='ocrx_word' id='word_1_188' title='bbox 383 2878 426 2915; x_wconf 91' lang='lat' dir='ltr'><strong>D.</strong></span> <span class='ocrx_word' id='word_1_189' title='bbox 467 2878 537 2914; x_wconf 85' lang='lat' dir='ltr'>nisi</span> <span class='ocrx_word' id='word_1_190' title='bbox 569 2889 612 2913; x_wconf 78' lang='lat' dir='ltr'>oa</span> <span class='ocrx_word' id='word_1_191' title='bbox 639 2884 673 2913; x_wconf 86' lang='lat' dir='ltr'>te</span> <span class='ocrx_word' id='word_1_192' title='bbox 707 2880 856 2924; x_wconf 71' lang='lat' dir='ltr'>exquiro</span> <span class='ocrx_word' id='word_1_193' title='bbox 882 2891 917 2924; x_wconf 83' lang='lat' dir='ltr'>p,</span> <span class='ocrx_word' id='word_1_194' title='bbox 951 2880 1124 2923; x_wconf 65' lang='lat' dir='ltr'>Quaeque</span> <span class='ocrx_word' id='word_1_195' title='bbox 1150 2881 1311 2924; x_wconf 76' lang='lat' dir='ltr'>exquiro.</span> <span class='ocrx_word' id='word_1_196' title='bbox 1350 2881 1388 2918; x_wconf 79' lang='grc' dir='ltr'>Ρ.</span> <span class='ocrx_word' id='word_1_197' title='bbox 1417 2881 1491 2916; x_wconf 77' lang='lat' dir='ltr'>Nisi</span> <span class='ocrx_word' id='word_1_198' title='bbox 1518 2891 1561 2915; x_wconf 77' lang='lat' dir='ltr'>ea</span> <span class='ocrx_word' id='word_1_199' title='bbox 1587 2890 1680 2924; x_wconf 81' lang='lat' dir='ltr'>quae</span> <span class='ocrx_word' id='word_1_200' title='bbox 1708 2883 1743 2915; x_wconf 82' lang='lat' dir='ltr'>te</span> <span class='ocrx_word' id='word_1_201' title='bbox 1770 2881 1932 2924; x_wconf 80' lang='lat' dir='ltr'>exquiro.</span> 
     </span>
     <span class='ocr_line' id='line_1_34' title="bbox 207 2936 1930 2983; baseline 0.002 -13"><span class='ocrx_word' id='word_1_202' title='bbox 207 2936 362 2971; x_wconf 83' lang='lat' dir='ltr'>Deinde:</span> <span class='ocrx_word' id='word_1_203' title='bbox 390 2937 537 2982; x_wconf 81' lang='lat' dir='ltr'>inquam</span> <span class='ocrx_word' id='word_1_204' title='bbox 563 2937 660 2973; x_wconf 84' lang='lat' dir='ltr'>filiae</span> <span class='ocrx_word' id='word_1_205' title='bbox 687 2939 782 2973; x_wconf 80' lang='lat' dir='ltr'>dono</span> <span class='ocrx_word' id='word_1_206' title='bbox 810 2939 912 2973; x_wconf 81' lang='lat' dir='ltr'>dedit</span> <span class='ocrx_word' id='word_1_207' title='bbox 937 2938 1105 2974; x_wconf 78' lang='lat' dir='ltr'>Botllius:</span> <span class='ocrx_word' id='word_1_208' title='bbox 1145 2940 1251 2975; x_wconf 78' lang='lat' dir='ltr'>codd.</span> <span class='ocrx_word' id='word_1_209' title='bbox 1279 2939 1373 2974; x_wconf 80' lang='lat' dir='ltr'>filiae</span> <span class='ocrx_word' id='word_1_210' title='bbox 1399 2939 1494 2975; x_wconf 74' lang='lat' dir='ltr'>donn</span> <span class='ocrx_word' id='word_1_211' title='bbox 1523 2939 1629 2974; x_wconf 79' lang='lat' dir='ltr'>dedit.</span> <span class='ocrx_word' id='word_1_212' title='bbox 1666 2938 1825 2983; x_wconf 83' lang='lat' dir='ltr'>inquam,</span> <span class='ocrx_word' id='word_1_213' title='bbox 1865 2939 1930 2974; x_wconf 80' lang='lat' dir='ltr'>nisi</span> 
     </span>
     <span class='ocr_line' id='line_1_35' title="bbox 207 2995 1968 3046; baseline 0.002 -18"><span class='ocrx_word' id='word_1_214' title='bbox 207 2995 304 3040; x_wconf 86' lang='lat' dir='ltr'>quod</span> <span class='ocrx_word' id='word_1_215' title='bbox 330 2995 373 3031; x_wconf 91' lang='lat' dir='ltr'>V.</span> <span class='ocrx_word' id='word_1_216' title='bbox 400 2996 444 3032; x_wconf 89' lang='lat' dir='ltr'>D.</span> <span class='ocrx_word' id='word_1_217' title='bbox 470 2997 626 3041; x_wconf 65' lang='grc' dir='ltr'>ἰηηιιςῑιι.</span> <span class='ocrx_word' id='word_1_218' title='bbox 703 2998 781 3035; x_wconf 79' lang='grc'><strong>791.</strong></span> <span class='ocrx_word' id='word_1_219' title='bbox 807 2997 944 3034; x_wconf 86' lang='lat' dir='ltr'>dudum</span> <span class='ocrx_word' id='word_1_220' title='bbox 971 2998 1117 3041; x_wconf 79' lang='lat' dir='ltr'>loquere</span> <span class='ocrx_word' id='word_1_221' title='bbox 1136 2997 1305 3033; x_wconf 76' lang='lat' dir='ltr'>Botliius:</span> <span class='ocrx_word' id='word_1_222' title='bbox 1333 2997 1438 3034; x_wconf 88' lang='lat' dir='ltr'>eodd.</span> <span class='ocrx_word' id='word_1_223' title='bbox 1457 2998 1592 3034; x_wconf 88' lang='lat' dir='ltr'>dudum</span> <span class='ocrx_word' id='word_1_224' title='bbox 1610 2997 1756 3042; x_wconf 76' lang='lat' dir='ltr'>inquam</span> <span class='ocrx_word' id='word_1_225' title='bbox 1773 2997 1933 3046; x_wconf 74' lang='lat' dir='ltr'>loquere,</span> <span class='ocrx_word' id='word_1_226' title='bbox 1961 3011 1968 3014; x_wconf 78' lang='lat'>-</span> 
     </span>
     <span class='ocr_line' id='line_1_36' title="bbox 208 3053 684 3102; baseline 0.004 -14"><span class='ocrx_word' id='word_1_227' title='bbox 208 3053 276 3089; x_wconf 85' lang='lat' dir='ltr'>nisi</span> <span class='ocrx_word' id='word_1_228' title='bbox 300 3054 396 3100; x_wconf 86' lang='lat' dir='ltr'>quod</span> <span class='ocrx_word' id='word_1_229' title='bbox 423 3055 466 3091; x_wconf 94' lang='lat' dir='ltr'>V.</span> <span class='ocrx_word' id='word_1_230' title='bbox 491 3056 536 3091; x_wconf 95' lang='lat' dir='ltr'>D.</span> <span class='ocrx_word' id='word_1_231' title='bbox 563 3055 684 3102; x_wconf 80' lang='lat' dir='ltr'>inqua.</span> 
     </span>
    </p>
   </div>
  </div>
 </body>
</html>
