2022 3314
120 65 196 116 av,
220 71 253 116 4,
279 72 326 107 35
340 93 382 97 -
397 71 443 118 v,
467 72 504 116 4)
795 72 1156 112 macomus,
1783 83 1838 127 63

118 192 228 243 Quia
258 207 352 236 eum
383 195 556 237 multum
587 195 848 249 abstulimus,
880 196 994 239 haud
1026 202 1204 251 apparet
1234 197 1418 250 mimum,
1451 198 1564 252 quod
1594 199 1737 242 datum
1759 201 1838 243 est.

119 263 182 304 Ita
215 269 310 305 sunt
340 264 501 317 gldriae
532 267 804 307 meretricum.

840 372 1118 415 AsTAPmmI.

847 441 927 494 Ah,
959 446 1067 495 tace,
1099 444 1190 485 era!

826 546 1135 590 Pnnonsssrtm.

1241 617 1450 668 Quidnam
1482 625 1544 661 est
1554 619 1575 661 Ῥ
1605 619 1790 663 obsecro.

839 722 1118 767 ASTAPHJUM.

119 790 243 832 Pater
275 788 396 833 adest
426 790 558 844 pueri.

827 876 1136 920 Prmoxnsmu.

651 944 750 988 Sine
781 947 952 1000 eumpse
983 947 1101 990 adire
1130 948 1230 991 huc:
1264 948 1368 1001 sine,
1401 948 1436 990 si
1467 948 1503 991 is
1535 952 1610 1001 est,
1641 947 1777 990 modo.

120 1014 252 1056 Sinito
283 1027 376 1057 eum
408 1016 546 1068 ipsum
577 1015 708 1068 adire,
740 1021 784 1058 ut
814 1017 964 1071 coepit,
996 1017 1052 1060 ad
1082 1032 1148 1060 me
1179 1019 1258 1061 hac
1290 1019 1447 1062 rectam
1478 1018 1514 1060 si
1542 1018 1667 1061 tenet.

25 1091 96 1126 880
122 1085 184 1128 Ne
213 1086 338 1128 istum
370 1085 531 1128 ecastor
561 1085 686 1128 hodie
716 1087 864 1130 astutis
896 1087 1113 1131 conficiam
1144 1087 1339 1132 fallaciis-

296 1257 668 1305 STRATOPHANES.
728 1259 1006 1306 As‘rAPmm.
1068 1262 1376 1306 Pmoxnsrm.
1437 1260 1660 1304 STRABAX.

798 1385 1167 1434 STRATOPHANES.

120 1471 280 1514 Hocine
311 1470 455 1514 amare
484 1472 568 1513 est!
630 1472 739 1514 Fero
771 1473 1024 1526 supplicium
1056 1474 1236 1518 damnas
1267 1473 1323 1516 ad
1354 1473 1535 1516 amicam
1566 1472 1715 1514 meam.

119 1542 218 1584 Utut
248 1542 346 1584 illuc
379 1547 597 1595 acceptum
628 1550 704 1596 est,
735 1545 853 1596 prius
885 1544 998 1597 quod
1028 1544 1206 1599 perdidi,
1238 1545 1316 1587 hoc
1348 1543 1504 1586 addam
1541 1542 1725 1596 insuper.

119 1612 204 1654 Sed
230 1612 330 1665 quid
346 1612 470 1655 video
487 1626 602 1654 eram
625 1617 750 1666 atque
773 1614 973 1656 ancillam
995 1619 1094 1658 ante
1116 1615 1265 1658 aedis?
1296 1613 1495 1658 adeunda
1524 1613 1629 1656 haec
1651 1612 1750 1654 mihi
1771 1612 1847 1654 est.

119 1681 231 1734 Quid
260 1682 327 1726 hic
357 1697 433 1725 vos
464 1683 620 1737 agitis?

832 1762 1138 1807 Pfflzomxsmu.

682 1835 746 1879 Ne
780 1850 846 1880 me
877 1838 1062 1893 appella.

802 1939 1171 1985 STRATOPHANES.

1118 2013 1299 2058 Nimium
1330 2012 1483 2057 saevis.

832 2091 1137 2139 Punonnsrm.

1538 2154 1610 2198 Sic
1638 2155 1735 2210 ago.

220 2355 301 2393 876.
325 2355 418 2399 Quia
441 2354 610 2391 Bothius:
641 2353 748 2392 codd.
774 2353 887 2398 Quae.
913 2353 959 2392 V.
983 2352 1030 2392 D.
1054 2357 1204 2391 mutum.
1253 2352 1396 2389 Deinde
1422 2353 1464 2392 P.
1489 2353 1598 2398 hand,
1634 2353 1679 2390 D.
1709 2357 1782 2396 aut,
1806 2351 1852 2389 V.

126 2425 184 2452 au.
232 2414 401 2460 Denique
427 2418 579 2459 apparet
604 2413 755 2449 multum
779 2414 950 2449 Bothius:
978 2413 1083 2451 codd.
1109 2423 1236 2449 omnes
1260 2413 1411 2448 multum
1430 2416 1592 2457 apparet.
1654 2412 1733 2449 877.
1748 2411 1851 2448 codd„

126 2473 196 2509 aha
219 2477 301 2510 tace
327 2473 415 2519 quid
440 2477 496 2508 est
522 2472 686 2510 obsecrO.
761 2473 841 2510 878.
867 2473 972 2510 codd.
999 2482 1105 2510 omm.
1130 2477 1246 2517 pater,
1271 2471 1369 2517 quod
1394 2471 1535 2507 addidit
1560 2470 1723 2507 Bet-hius,
1753 2469 1853 2505 Idem

126 2543 293 2577 eumpse:
332 2532 439 2570 codd.
476 2542 559 2568 eum
595 2532 727 2576 ipsum,
764 2531 835 2566 nisi
873 2531 972 2577 quod
996 2531 1042 2569 V.
1067 2531 1112 2568 D.
1138 2531 1228 2575 ipse.
1278 2530 1421 2566 Deinde
1450 2530 1495 2568 V.
1519 2530 1565 2567 D.
1590 2529 1686 2564 hunc
1711 2540 1745 2573 p.
1771 2527 1852 2564 huc.

125 2592 166 2629 P.
191 2592 249 2626 sui
274 2603 310 2637 p.
337 2592 368 2627 si
391 2592 436 2628 is.
508 2591 588 2627 879.
614 2590 722 2627 codd.
750 2590 836 2626 Sine
860 2601 897 2635 p.
922 2590 1052 2635 Sinito,
1078 2590 1148 2625 nisi
1174 2590 1271 2634 quod
1296 2590 1341 2627 V.
1366 2590 1412 2626 D.
1438 2589 1505 2627 sin.
1569 2587 1712 2623 Deinde
1737 2587 1780 2624 V.
1808 2586 1851 2623 D.

125 2650 206 2695 ipse
231 2671 276 2676 —-
302 2651 412 2696 cupit,
448 2649 488 2687 P.
515 2649 632 2694 cupio.
681 2648 848 2693 Denique
873 2649 919 2685 V.
944 2649 990 2686 D.
1027 2648 1075 2683 ad
1098 2654 1199 2684 recta
1225 2648 1256 2683 si
1280 2652 1416 2692 tenent,
1453 2648 1494 2685 P.
1521 2647 1567 2683 ad
1603 2657 1660 2682 me
1685 2657 1727 2681 ac
1752 2648 1853 2681 recta

127 2708 159 2744 si
182 2712 319 2746 tenent.
369 2708 451 2746 880.
476 2709 608 2744 astutis
633 2708 855 2744 Saracenas:
882 2707 988 2744 codd.
1012 2706 1130 2743 hastis
1155 2705 1372 2743 confectum.

222 2804 262 2842 P.
287 2804 402 2842 Miles.
451 2802 675 2848 Ascaphium
701 2802 843 2840 ancilla.
892 2801 1131 2838 Phronesium
1155 2801 1336 2839 meretrix.
1385 2801 1559 2837 Rusticus
1586 2799 1743 2836 Strabax
1767 2797 1852 2834 ado-

128 2862 284 2900 lescens.
355 2863 436 2900 881.
462 2860 568 2898 codd.
603 2861 658 2896 Eo
695 2861 782 2896 mihi
807 2870 938 2906 amare,
976 2871 1044 2899 om.
1082 2864 1149 2898 est.
1198 2860 1343 2896 Deinde
1381 2859 1533 2896 damnas
1557 2858 1702 2894 Douza:
1745 2857 1853 2895 codd.

129 2931 256 2956 omues
281 2921 421 2956 damnis
446 2919 539 2966 (cod.
564 2918 665 2963 Lips.
689 2918 918 2954 Roverianus
942 2920 1014 2955 iam
1036 2921 1121 2965 bis).
1206 2920 1287 2957 882.
1313 2918 1403 2955 Utut
1429 2919 1621 2954 Gruterus:
1660 2916 1767 2953 codd.
1792 2915 1853 2953 Ut.

128 2979 272 3016 Deinde
300 2979 387 3015 illnc
412 2983 601 3023 acceptum
624 2980 681 3012 est
704 2977 872 3012 Bothius:
899 2978 1004 3016 codd.
1030 2979 1121 3014 illud
1146 2982 1336 3024 acceptum
1361 2980 1419 3015 sit.
1506 2976 1586 3013 883.
1604 2975 1650 3012 V.
1676 2975 1722 3012 D.
1739 2974 1852 3013 uidet,

128 3038 169 3076 P.
195 3038 340 3076 uideon.
386 3037 530 3073 Deinde
565 3036 658 3072 haec
694 3036 781 3072 mihi
814 3040 871 3071 est
894 3036 1064 3073 Bothius:
1102 3037 1208 3073 codd.
1245 3040 1303 3072 est
1336 3036 1429 3072 haec
1462 3034 1559 3071 mihi.
1633 3033 1713 3071 884.
1738 3033 1784 3071 V.
1808 3032 1854 3070 D.

131 3097 290 3142 appellat
314 3097 426 3132 nimiu
449 3096 526 3132 seui
552 3096 616 3140 sie,
641 3094 682 3133 P.
709 3095 853 3140 appella
877 3095 1026 3132 nimium
1051 3095 1182 3132 saeuis,
1232 3094 1370 3131 Addidi
1395 3104 1478 3139 agn.
