2022 3314
100 65 139 111 (Ι,
164 67 197 109 2,
223 65 266 100 87
284 85 325 89 -
341 65 399 110 98)
774 65 1135 102 TRUCULENTUS.
1481 43 1486 46 ’
1771 75 1821 118 17

810 257 1107 300 DINIARCHUS.

100 327 275 370 Valetne
283 327 305 369 ἵ)

774 450 777 453 -
821 419 1100 461 ASTAPHIUM.

395 487 557 542 Edepol
588 489 877 532 meliusculam
907 489 996 532 fore
1027 502 1163 542 spem,
1195 494 1236 531 te
1267 490 1336 532 ubi
1368 490 1535 533 videbit.

813 583 1110 624 DINIARCHUS.

100 654 188 694 Hoe
219 652 338 693 nobis
368 653 513 693 vitium
546 666 787 694 maxumum
819 652 900 693 est:
934 666 1026 693 cum
1059 666 1262 704 amamus,
1296 654 1383 694 tum
1414 655 1610 707 perimus.

100 722 144 763 Si
175 722 285 774 illuc,
318 721 429 774 quod
461 722 665 773 volumus,
699 722 860 773 dicitur,
893 722 1035 775 palam
1068 735 1161 763 cum
1191 722 1456 776 mentiuntur,

100 793 252 842 Verum
284 806 377 834 esse
407 792 543 834 insciti
576 791 796 843 credimus,
829 791 952 833 modo
984 796 1029 834 ut
1060 792 1335 834 destituamur
1366 793 1441 835 ira.
1752 794 1825 836 (90)

822 875 1101 917 ASTAPHIUM.

5 953 74 988 195
99 945 207 987 Heia
238 944 352 987 haud
383 945 441 986 ita
473 945 535 988 est
565 958 643 988 res.

6 2237 75 2271 200

813 1028 1111 1069 DINIARCHUS.

687 1098 768 1139 Ain
798 1101 843 1139 tu
874 1097 967 1139 θέω]
998 1111 1064 1139 me
1095 1098 1269 1139 amare?

824 1180 1102 1222 ASTAPHIUM.

1370 1251 1500 1292 Immo
1531 1253 1651 1295 unice
1686 1268 1824 1297 unum.

815 1334 1114 1374 DINIARCHUS.

96 1402 316 1456 Peperisse
348 1402 503 1445 audivi.

822 1486 1102 1527 ASTAPHIUM.

563 1554 628 1595 Ah
661 1555 847 1608 obsecro,
880 1559 973 1598 tace
1004 1555 1246 1598 Diniiuche.

781 1662 1078 1704 DINIARCHUS.

1378 1731 1488 1782 Quid
1518 1732 1633 1775 iam?

825 1816 1105 1857 AsTAPHmM.

98 1885 304 1927 Horresco
335 1885 503 1937 misera,
535 1883 688 1925 mentio
719 1886 908 1937 quotiens
938 1886 984 1927 fit
1013 1885 1235 1940 partionis:

99 1957 165 1997 Ita
195 1969 331 2010 paene
362 1955 479 1996 nulla
512 1954 588 1996 sibi
619 1954 695 1996 fuit
726 1955 1013 1999 Phronesium.
1046 1958 1061 1997 i
1091 1956 1213 2009 intro,
1247 1956 1411 1998 amabo.
1757 1950 1829 1995 (95)

100 2026 198 2068 Vise
228 2026 358 2079 illam>
391 2029 463 2068 aut
493 2025 703 2078 Opperitor
734 2026 821 2068 hic:
854 2027 939 2068 iam
971 2026 1111 2080 exibit,
1142 2027 1241 2069 naim
1271 2027 1455 2069 lavabat.

812 2133 1109 2175 DINIARCHUS.

100 2217 211 2268 Quid
242 2217 305 2259 ais
336 2217 409 2258 tu?
441 2217 549 2270 quae
581 2231 809 2271 numquam
840 2218 918 2259 fuit
947 2231 1174 2272 praegnas,
1208 2219 1279 2271 qui
1309 2218 1458 2272 pirrere
1490 2218 1655 2271 potuit?

99 2288 206 2329 Nam
236 2287 297 2329 1111
328 2286 497 2340 quidem
526 2288 701 2342 uterum,
736 2287 848 2342 quod
879 2287 1022 2344 scium,
1055 2302 1283 2342 numquam
1316 2288 1529 2331 extumere
1561 2287 1684 2330 sensi.

196 2486 275 2523 191.
301 2485 341 2522 Ρ.
370 2484 505 2520 Valet?
555 2487 627 2520 Ast.
655 2484 838 2531 Aedepol‚
880 2486 1006 2521 ceteri:
1045 2486 1153 2521 immo
1194 2486 1334 2531 edepol.
1360 2486 1405 2523 A.
1432 2486 1561 2520 melius
1588 2494 1684 2528 eam,
1721 2484 1832 2518 ceteri

101 2545 231 2580 melius
257 2545 339 2581 iam.
366 2544 411 2581 A.
439 2543 515 2579 fore
541 2555 647 2588 spero
674 2548 709 2579 te
735 2545 798 2580 ubi
823 2544 982 2591 videret3
1009 2546 1136 2580 ceteri:
1163 2546 1271 2580 credo
1298 2544 1376 2580 fore
1402 2545 1463 2580 ubi
1488 2548 1525 2579 te
1551 2542 1699 2579 videbit.
1750 2543 1830 2579 192.

102 2603 146 2640 A.
165 2606 421 2639 maxumumst.
447 2603 488 2639 P.
507 2607 606 2640 tunc.
649 2604 728 2640 193.
754 2604 840 2638 illuc
866 2604 1038 2652 Bothius3
1068 2605 1172 2642 codd.
1199 2605 1300 2641 illud.
1327 2604 1372 2640 A.
1400 2603 1569 2639 nolimus.
1612 2602 1689 2638 194.
1716 2600 1761 2637 A.
1788 2611 1833 2635 ne

102 2666 142 2696 ut
169 2665 357 2696 astuamur
382 2671 416 2704 p.
444 2660 551 2695 modo
578 2665 617 2695 ut
644 2662 897 2699 destituamur.
948 2663 992 2700 V.
1019 2663 1064 2700 D.
1091 2674 1137 2698 ne
1177 2668 1215 2698 ut
1253 2665 1289 2698 in
1316 2666 1397 2697 estu
1424 2665 1631 2696 mutuamur
1656 2661 1695 2696 P.
1722 2670 1766 2694 ne
1792 2663 1833 2693 nt

102 2724 221 2755 mestu
236 2723 460 2756 mutuantur.
499 2720 578 2756 195.
596 2720 670 2754 Ain
688 2724 728 2754 tu
748 2731 826 2756 eam
845 2731 901 2755 me
929 2732 1050 2757 amare
1076 2722 1141 2759 Α.;
1169 2723 1212 2760 V.
1241 2723 1326 2757 anin
1345 2726 1385 2756 tu
1403 2732 1460 2756 me
1484 2721 1541 2765 (D.
1560 2722 1610 2763 te)
1630 2722 1766 2753 amaret
1791 2719 1832 2754 P.

103 2780 163 2813 ain
181 2783 259 2813 tute
286 2789 417 2815 amare.
446 2779 523 2814 196.
553 2778 657 2814 codd.
682 2782 825 2822 praeter
852 2778 896 2816 A.
923 2790 1049 2814 omnes
1074 2781 1269 2825 Peperisse
1296 2792 1375 2815 eam
1404 2780 1538 2816 audivi.
1565 2778 1608 2814 V.
1624 2778 1667 2814 D.
1695 2787 1774 2811 eam
1798 2787 1833 2820 p.

102 2838 185 2873 iam.
219 2837 297 2873 197.
323 2836 368 2873 V.
394 2837 439 2873 D.
467 2837 595 2874 sentio.
622 2837 735 2874 Prisc.
764 2839 783 2872 1
808 2848 843 2881 p.
870 2839 950 2876 256.
977 2839 1032 2876 ed.
1059 2840 1188 2875 Hertz:
1215 2840 1383 2874 miseram
1409 2839 1639 2874 mentionem.
1665 2834 1709 2871 V.
1737 2834 1835 2879 quod

102 2896 146 2930 iis
172 2906 206 2939 p.
233 2895 413 2940 quotiens,
439 2895 483 2932 D.
511 2895 609 2939 quod
633 2895 714 2932 diis.
740 2896 834 2933 Non.
853 2898 921 2932 217
941 2898 1050 2941 quod.
1077 2897 1122 2934 A.
1139 2898 1196 2934 sit.
1215 2898 1259 2934 V.
1285 2898 1330 2935 D.
1356 2897 1568 2942 pau-ationis
1620 2895 1700 2930 198.
1719 2903 1834 2938 paene

103 2954 205 2988 nulla
219 2953 289 2988 sibi
313 2953 369 2999 Α.;
397 2954 507 2988 ceteri
532 2964 648 2998 paene
673 2955 751 2991 tibi.
766 2955 811 2991 V.
825 2955 1138 2993 intromamabom.
1173 2956 1252 2992 199.
1267 2956 1371 2993 codd.
1389 2960 1497 3000 atque
1522 2965 1556 2998 p.
1575 2957 1648 2989 aut.
1664 2951 1708 2988 A.
1725 2962 1834 2996 oppe-

104 3014 172 3047 rire
196 3012 264 3057 hic,
291 3013 401 3046 ceteri
426 3014 592 3056 opperire
618 3012 680 3050 ibi.
707 3014 747 3050 P.
773 3024 846 3048 non
871 3025 906 3058 p.
932 3025 1027 3052 nam.
1055 3014 1160 3050 codd.
1185 3018 1330 3058 praeter
1342 3016 1388 3051 A.
1415 3023 1540 3049 omnes
1565 3011 1715 3047 lavabit.
1754 3011 1835 3047 200.

104 3070 147 3107 V.
173 3071 271 3114 lique
296 3081 331 3114 p.
356 3074 398 3104 tu
425 3082 529 3116 quae,
567 3072 612 3106 D.
640 3071 764 3116 liquae
803 3083 992 3117 nunquam
1030 3073 1099 3107 fuit
1125 3082 1233 3116 (piam
1258 3083 1427 3119 pregnas.
1490 3072 1569 3108 201.
1597 3070 1641 3107 A.
1669 3069 1835 3115 equidem

102 3128 155 3164 illi
180 3133 335 3174 uterum,
368 3130 478 3164 ceteri
506 3130 673 3174 equidem
699 3134 841 3165 uterum
867 3131 930 3167 illi.
955 3130 1000 3167 V.
1026 3131 1071 3168 D.
1097 3130 1206 3167 scias,
1232 3130 1273 3168 P.
1299 3136 1558 3167 extumescere.

1549 3194 1570 3227 2
