2022 3314
95 84 153 130 (11,
178 87 211 130 5,
236 85 363 130 25—6,
390 86 449 132 17)
774 86 1136 123 TRUOULENTUs,
1761 101 1817 141 35

96 208 207 249 Face
238 211 283 248 ut
312 208 574 250 accumbam:
607 208 775 261 accede,
808 208 964 251 adiuta.
997 210 1056 252 sic
1088 209 1208 252 decet
1237 211 1500 264 puerperam.
1745 209 1818 255 (25)

9 283 72 318 175
97 277 242 319 Soleas
273 277 374 318 inihi
408 277 580 331 deduce,
613 278 788 331 pallium
818 278 940 320 iniice
971 280 1014 320 in
1046 293 1111 322 me
1141 280 1233 333 11110,
1266 279 1459 322 Archilis.

7 982 72 1018 480

6 1329 72 1364 485

4 1676 72 1711 490

97 347 175 389 Ubi
208 360 252 388 es
283 347 565 400 Astaphium?
595 347 657 390 fer
688 348 768 389 huc
798 347 1025 389 verbenam
1057 349 1170 402 mihi,
1200 349 1297 390 thus
1329 348 1370 389 01
1402 350 1588 393 bellaria.

96 417 205 459 Date
235 430 387 470 aquam
419 417 623 459 manibus.
685 418 804 459 Nune
833 417 997 459 ecastor
1027 422 1071 459 ut
1101 418 1242 460 veniat
1272 419 1390 461 miles
1422 421 1559 463 velim.

416 616 785 659 STRATOPHANES.
847 618 1156 660 PHRONEsmM.
1219 618 1498 661 ASTAPHIUM.

774 740 1145 783 STRATOPHANES.

94 821 156 875 Ne
187 831 429 885 expectetis,
462 834 733 887 spectatores,
766 848 881 876 meas
914 835 1080 888 pugnas
1113 835 1211 877 dum
1243 834 1502 888 praedicem:

96 902 289 945 Manibus
322 902 462 945 duella
493 902 737 956 praedicare
769 905 896 960 sole0,
930 905 1044 947 haud
1075 906 1116 945 in
1148 906 1422 948 sermonibus.

97 972 192 1015 Scio
224 987 301 1027 ego
332 973 483 1014 multos
514 976 812 1017 memoravisse
843 974 995 1016 milites
1027 975 1291 1018 mendacium

96 1044 148 1084 Et
177 1043 479 1085 homicidarum
512 1049 606 1097 post
634 1045 708 1087 illa
739 1045 928 1088 cumulus
960 1044 1181 1086 memorari
1214 1045 1363 1099 potest,

97 1113 176 1164 Qui
208 1118 248 1155 et
278 1114 455 1155 convicti
486 1118 526 1156 et
557 1114 821 1157 condemnati
852 1115 973 1158 falsis
1006 1114 1058 1156 de
1089 1116 1243 1170 pugnis
1276 1116 1397 1158 sient.
1776 1111 1823 1155 (5)

96 1184 188 1225 Non
219 1183 457 1226 laudandus
489 1188 564 1237 est,
599 1185 669 1237 qui
701 1185 833 1227 credit
864 1198 973 1238 quae
1004 1184 1120 1226 audit
1150 1187 1245 1241 plus
1278 1199 1405 1239 quam
1437 1197 1546 1238 quae
1578 1184 1705 1227 videt.

96 1255 189 1296 Non
221 1254 372 1307 placet,
405 1268 498 1296 011111
530 1255 590 1296 1111
622 1256 718 1308 plus
749 1256 925 1299 laudant
956 1257 1026 1309 qui
1057 1256 1246 1310 audiunt,
1282 1269 1407 1309 quam
1439 1255 1509 1308 qui
1541 1254 1699 1297 vident.

96 1324 233 1366 Pluris
267 1323 330 1366 est
361 1325 552 1367 oculatus
582 1326 701 1368 testis
732 1339 852 1380 unus,
886 1340 1013 1379 quam
1045 1325 1167 1368 auriti
1199 1326 1356 1369 decem.

98 1394 178 1445 Qui
210 1393 395 1447 audiunt,
429 1395 573 1437 audita
606 1396 766 1449 dicunt3
800 1397 870 1450 qui
901 1397 1058 1450 vident,
1091 1397 1217 1450 plane
1248 1397 1396 1439 sciunt.

96 1466 188 1507 Non
218 1464 371 1518 placet,
405 1479 527 1518 quem
559 1480 728 1508 scurrae
758 1466 944 1521 laudant,
982 1467 1259 1520 manipularis
1291 1465 1524 1518 mussitant,
1751 1460 1824 1502 (10)

97 1536 242 1588 Neque
272 1535 344 1588 illi,
379 1536 553 1588 quorum
584 1536 729 1590 lingua
760 1536 997 1590 gladiorum
1030 1537 1162 1578 aciem
1195 1536 1467 1590 praestringit
1497 1535 1623 1577 domi.

100 1605 267 1647 Strenui
297 1605 423 1647 nimio
454 1607 548 1659 plus
581 1606 756 1659 prosunt
786 1608 955 1660 populo,
990 1620 1115 1660 quani
1147 1607 1284 1660 arguti
1315 1610 1355 1649 et
1385 1607 1478 1648 cati.

98 1676 243 1717 Facile
273 1675 352 1717 sibi
383 1675 685 1718 facunditatem
716 1677 848 1719 virtus
876 1676 1067 1729 argutam
1098 1677 1269 1719 invenit.

97 1745 195 1787 Sine
226 1745 377 1787 virtute
408 1751 603 1800 argutum
636 1749 770 1789 civem
801 1747 902 1789 mihi
933 1747 1112 1789 habeam
1145 1761 1220 1800 pro
1252 1746 1448 1801 praefica,

96 1815 215 1865 Quae
247 1816 352 1857 alios
385 1816 607 1870 collaudat,
641 1818 769 1871 eapse
801 1832 895 1860 sese
926 1817 1025 1859 vero
1056 1830 1139 1859 non
1170 1817 1320 1871 potest.
1753 1810 1825 1853 (15)

96 1885 213 1927 Nunc
245 1885 300 1926 ad
332 1887 510 1928 amicam
543 1887 717 1930 decumo
749 1889 893 1931 mense
923 1891 1020 1940 post
1049 1885 1238 1930 Athenas
1269 1887 1429 1930 Atticas

96 1955 210 2008 Viso,
243 1956 368 2009 (11111111
400 1957 620 2009 gravidam
652 1958 718 2001 1110
749 1959 897 2012 reliqui
929 1971 1021 2001 meo
1054 1957 1312 2011 compressu,
1346 1956 1445 2010 quid
1477 1970 1528 1999 ea
1558 1954 1672 2008 agat.

191 2153 272 2190 474.
299 2153 339 2190 P.
366 2153 553 2190 accubam.
580 2154 685 2190 codd.
713 2153 889 2193 adiutare.
916 2154 956 2194 V.
975 2156 1020 2192 D.
1046 2155 1258 2200 puel-ieram.
1308 2154 1389 2191 475.
1416 2153 1522 2190 codd.
1549 2163 1675 2189 omnes
1702 2153 1824 2188 solias.

98 2210 143 2248 V.
168 2213 213 2249 D.
240 2213 343 2259 duce,
381 2214 422 2250 P.
449 2213 544 2250 date.
570 2213 616 2251 V.
641 2213 686 2248 D.
712 2213 854 2248 minice.
879 2214 925 2251 D.
952 2225 1021 2251 om.
1047 2214 1084 2248 in
1111 2224 1179 2251 mc.
1235 2213 1316 2248 476.
1343 2212 1388 2249 V.
1414 2213 1457 2250 D.
1486 2213 1548 2247 ubi
1575 2212 1752 2256 saphilim.
1779 2211 1824 2247 V.

98 2271 297 2306 uerbanam
323 2292 365 2297 —
393 2274 464 2309 tus,
536 2271 617 2308 477.
642 2271 687 2307 V.
714 2271 758 2307 D.
786 2271 850 2306 dat
877 2292 919 2296 —
947 2275 1153 2307 ecastorum
1192 2271 1346 2307 ueniret.
1371 2271 1411 2308 P.
1438 2275 1583 2307 ecastor
1608 2274 1649 2306 ut
1672 2270 1824 2307 veniret.

192 2330 237 2367 V.
262 2330 307 2366 D.
333 2330 449 2366 Miles.
474 2329 654 2365 Meretrix.
686 2329 844 2367 Ancilla.
870 2331 911 2366 P.
936 2330 1040 2366 Miles
1067 2330 1342 2375 Stratophanes.
1380 2330 1620 2365 Phronesium
1645 2329 1825 2366 meretrix.

97 2388 323 2433 Ascaphium
350 2389 493 2424 ancilla.
567 2389 646 2423 478.
673 2389 717 2424 D.
745 2392 953 2433 expectens.
978 2389 1019 2425 P.
1045 2392 1087 2423 ut
1110 2400 1145 2433 p.
1172 2389 1268 2424 dum.
1342 2389 1423 2426 479.
1451 2388 1572 2423 duella
1597 2387 1823 2423 Gronovius:

98 2427 203 2484 ciodd.
229 2447 372 2482 duellis.
397 2448 441 2484 V.
467 2448 512 2482 D.
537 2447 772 2491 predicarem.
838 2448 919 2484 480.
945 2447 990 2483 V.
1016 2448 1062 2483 D.
1086 2446 1396 2484 memorauissem.
1461 2447 1542 2484 481.
1569 2446 1674 2484 codd.
1700 2455 1826 2481 omnes

99 2509 135 2539 et
160 2506 432 2540 homcronidam
459 2508 496 2540 et
519 2509 605 2549 post
629 2506 728 2541 illam
755 2505 818 2541 illi.
864 2505 1002 2550 Scripsi
1029 2506 1292 2541 homicidarum
1317 2508 1404 2550 post
1427 2505 1491 2539 illa
1516 2505 1695 2540 cumulus.
1744 2504 1825 2540 482.

99 2565 140 2601 P.
165 2564 260 2601 falsi.
287 2565 332 2602 V.
357 2565 402 2599 D.
428 2563 729 2609 depugnassient.
766 2564 807 2601 P.
834 2564 878 2599 dc
903 2576 1029 2610 pugna
1055 2565 1161 2600 sient.
1234 2565 1315 2599 483.
1342 2564 1387 2601 V.
1414 2564 1458 2601 D.
1496 2563 1721 2599 laudandum
1758 2566 1825 2598 est.

99 2622 242 2657 Deinde
268 2623 329 2666 qui
355 2624 413 2669 P.;
451 2623 498 2659 V.
524 2624 568 2660 D.
595 2623 665 2658 cui.
715 2623 900 2667 Denique:
940 2623 1056 2658 credit
1094 2632 1187 2667 quae
1226 2623 1329 2657 audit
1358 2623 1442 2666 plus
1466 2622 1638 2657 Bothius:
1676 2622 1717 2658 P.
1741 2621 1825 2665 plus

100 2680 214 2715 credit
240 2690 334 2724 quac
360 2681 464 2716 audit
489 2692 598 2725 quam
624 2691 718 2725 quae
744 2680 878 2726 videat,
903 2681 950 2717 V.
967 2681 1012 2716 D.
1038 2681 1122 2725 plus
1149 2681 1265 2717 credit
1290 2681 1352 2725 qui
1378 2680 1482 2716 audit
1508 2691 1616 2725 quam
1634 2680 1696 2724 qui
1717 2679 1826 2717 uidet.

98 2740 180 2774 484.
205 2740 250 2777 D.
276 2740 363 2783 quia
386 2750 422 2784 p.
449 2750 569 2784 quam.
596 2740 735 2776 Versus
762 2739 870 2774 abest
894 2751 917 2774 a
941 2740 982 2776 P.
1042 2739 1122 2777 485.
1149 2740 1193 2777 V.
1220 2740 1265 2775 D.
1292 2750 1399 2775 omm.
1425 2749 1532 2785 unus,
1558 2738 1656 2783 quod
1682 2737 1828 2772 exhibet

99 2799 141 2835 P.
166 2800 203 2832 et
229 2798 367 2833 Paulus
392 2809 427 2842 p.
455 2798 534 2834 179.
584 2797 726 2833 Deinde
753 2798 858 2834 codd.
884 2808 1013 2833 omnes
1039 2798 1190 2842 01111100,
1216 2798 1261 2834 V.
1287 2798 1331 2834 D.
1358 2799 1475 2834 decet.
1524 2798 1604 2833 486.
1631 2796 1676 2832 V.
1702 2796 1746 2832 D.
1766 2805 1827 2830 au-

101 2857 208 2892 ditas.
258 2857 302 2893 D.
330 2857 458 2894 scient.
523 2856 604 2891 489.
630 2855 674 2892 V.
700 2856 745 2892 D.
774 2856 894 2901 arguit
919 2866 960 2891 00
987 2856 1071 2894 0011.
1096 2857 1136 2891 P.
1163 2859 1293 2900 argute
1319 2857 1399 2893 rati.
1461 2857 1542 2893 490.
1569 2854 1674 2890 codd.
1701 2864 1827 2889 omnes

101 2918 242 2959 arguta.
304 2915 385 2951 491.
411 2925 476 2960 pro
502 2913 663 2959 praefica
686 2914 804 2950 Varro
829 2914 853 2951 l.
879 2913 902 2951 l.
928 2924 963 2958 p.
990 2914 1076 2950 350:
1104 2914 1145 2950 V.
1171 2915 1217 2951 D.
1242 2915 1418 2958 profecta.
1446 2916 1486 2952 P.
1510 2911 1684 2958 profecto.
1744 2913 1827 2948 492.

101 2973 288 3009 collaudat
311 2973 376 3019 V.;
413 2973 458 3010 D.
497 2972 716 3008 conlaudate
741 2973 781 3009 P.
810 2972 1032 3009 conlaudari.
1056 2973 1147 3009 Non.
1175 2974 1231 3017 67,
1270 2974 1292 3008 3
1321 2973 1543 3009 collaudare.
1569 2970 1613 3008 V.
1639 2980 1751 3014 capsa
1777 2980 1828 3008 se.

100 3033 145 3070 D.
172 3033 218 3068 ab
246 3042 285 3067 se
310 3041 360 3067 se.
385 3031 426 3067 P.
453 3031 499 3067 ab
526 3042 576 3067 se.
602 3031 695 3067 Non.
722 3042 743 3066 a
769 3041 819 3066 se.
846 3031 987 3066 Deinde
1014 3041 1095 3067 sese
1121 3031 1288 3067 Bothius.
1337 3033 1417 3068 493.
1443 3030 1549 3066 codd.
1576 3039 1702 3064 omnes
1720 3039 1827 3066 cmm.

102 3091 158 3131 ad,
183 3090 283 3135 quod
307 3089 410 3125 addit
434 3090 526 3128 Non.
552 3090 636 3135 457,
661 3090 718 3126 21.
788 3089 871 3127 494.
897 3089 1003 3127 codd.
1029 3100 1136 3126 omm.
1161 3089 1231 3134 hic,
1270 3090 1368 3134 quod
1393 3092 1514 3125 exstat
1537 3087 1636 3132 apud
1659 3087 1826 3123 Nonium.

100 3149 145 3185 V.
170 3158 431 3193 compressum.

1515 3211 1561 3245 3.
