2022 3314
121 56 181 100 (Π,
203 57 238 108 e,
264 56 420 101 26—37)
803 57 1170 96 TRUGULENTUS.
1792 66 1845 105 37

796 248 1168 292 STRATOPHANES.

118 318 234 360 Meus
266 321 341 371 est,
374 320 458 361 scio
491 319 574 360 iam
605 318 659 360 de
689 318 960 372 argumentis.

839 401 1119 442 AsrAPmUM.

1046 470 1178 512 Nimis
1211 470 1379 524 quidem
1410 471 1585 514 similist.

794 552 1165 595 STRATOPHANES.

1637 625 1798 679 Papae!

113 693 209 735 Jam
241 692 464 745 magnust?
495 692 579 733 iam
611 692 692 733 leto
725 692 798 733 dat
829 691 1051 745 legionem,
1091 692 1217 745 quitm
1250 692 1433 745 spoliare
1463 692 1581 734 volt?

835 785 1115 826 As'rAPHmM.

18 867 88 903 505
113 855 250 898 Hodie
280 855 432 898 nudius
464 855 631 909 quintus
663 855 786 897 rietus
817 855 889 897 ille
920 854 1090 908 quidem
1122 854 1198 897 est.

790 952 1162 996 STRATOPHANES.

1237 1024 1347 1074 Quid
1378 1025 1557 1077 postea?

110 1094 223 1134 Inter
253 1093 313 1134 tot
344 1092 434 1135 dies
466 1092 635 1145 quidem
666 1092 807 1135 hercle
837 1094 922 1136 iam
954 1093 1115 1147 aliquid
1145 1094 1285 1136 itctum
1316 1096 1509 1147 oportuit.

111 1162 221 1213 Quid
252 1162 313 1204 illi
345 1176 397 1204 ex
427 1163 544 1206 utero
577 1163 702 1206 exitio
735 1168 810 1217 est,
842 1164 1090 1218 priusquam
1122 1168 1287 1218 poterat
1317 1166 1377 1207 ire
1407 1165 1450 1207 in
1481 1164 1715 1218 proelifim‘?
1769 1159 1842 1204 (30)

832 1271 1112 1311 ASTAPHIUM.

110 1338 377 1392 Consequere
409 1338 535 1392 etque
565 1340 683 1382 illam
714 1340 854 1382 saluta
886 1344 926 1382 et
957 1340 1174 1394 gratulere
1203 1340 1278 1383 illi.

789 1422 1162 1465 STRATOPHANES.

1374 1492 1547 1546 Sequor.

817 1576 1127 1618 PHRONESIUM.

106 1643 186 1686 Ubi
216 1644 290 1686 illa
322 1648 397 1697 est,
431 1645 617 1698 obsecro,
651 1658 760 1698 quae
790 1658 857 1687 me
888 1644 957 1687 hic
988 1646 1155 1699 reliquit
1187 1647 1312 1700 {itque
1343 1660 1473 1701 eapse
1504 1645 1692 1689 abstitit?

829 1727 1110 1769 ASTAPHIUM.

13 1803 84 1839 510
107 1795 288 1839 Adsum:
323 1796 488 1839 adduco
520 1797 594 1839 tibi
625 1798 869 1851 exoptatum
899 1797 1237 1852 Stratophanem.

820 1881 1130 1923 PHRONEsmM.

1305 1951 1386 1994 Ubi
1415 1951 1452 1994 is
1483 1952 1575 1994 est?
1607 1952 1791 1994 obsecro.

787 2033 1157 2076 STRATOPHANES.

106 2102 218 2145 Mars
250 2116 429 2157 peregre
459 2104 690 2147 adveniens
721 2105 876 2146 salutat
906 2105 1127 2146 Nerienem
1159 2105 1332 2145 uxorem
1364 2104 1495 2147 sueini.

106 2173 212 2216 Cum
242 2177 287 2216 tu
317 2174 428 2216 recte
458 2175 690 2228 provenisti
721 2187 929 2228 quomque
965 2188 1009 2217 es
1041 2176 1167 2217 aucta
1197 2174 1352 2227 liberis,
1763 2169 1837 2214 (35)

105 2243 316 2297 GratuIOr,
348 2258 442 2288 cum
473 2245 574 2287 mihi
604 2245 760 2299 tibique
789 2258 991 2298 magnum
1021 2244 1223 2300 peperisti
1253 2243 1393 2287 decus.

816 2329 1126 2370 PHRONEsroM.

106 2397 246 2450 Salve,
279 2400 350 2450 qui
382 2411 447 2440 me
477 2397 718 2440 interfecisti
751 2411 887 2451 paene
919 2402 959 2439 et
989 2399 1078 2440 vita
1109 2401 1149 2440 et
1178 2397 1348 2450 lumine,

199 2595 280 2632 503.
307 2594 412 2630 codd.
438 2605 564 2630 omnes
589 2595 750 2631 nimium.
777 2596 824 2632 V.
849 2596 893 2632 D.
922 2595 1048 2640 quidui
1080 2595 1244 2630 similest.
1319 2594 1400 2631 504.
1427 2593 1531 2630 codd.
1563 2602 1688 2627 omnes
1715 2592 1835 2626 iamne

104 2665 138 2698 p.
164 2654 236 2688 iam
261 2653 467 2698 posteriori.
516 2653 658 2688 Deinde
683 2654 728 2691 V.
754 2654 845 2689 letat
868 2655 914 2690 D.
939 2655 979 2690 P.
1005 2654 1127 2690 leetat.
1178 2653 1314 2698 Scripsi
1340 2653 1413 2689 leto
1441 2652 1514 2687 dat.
1564 2651 1731 2695 Denique
1755 2648 1835 2683 volt

103 2712 276 2747 Bothius:
302 2712 347 2747 V.
373 2711 418 2749 D.
443 2721 553 2755 quam
579 2713 756 2757 spoliaret
782 2713 881 2758 uelit,
908 2713 947 2750 P.
974 2712 1130 2757 spoliare
1156 2712 1257 2749 uelit.
1307 2710 1388 2747 505.
1413 2710 1531 2745 Hodie
1545 2710 1834 2753 Kampmannus,

104 2769 149 2808 cf.
176 2781 287 2815 supra
310 2782 345 2807 v.
370 2771 457 2805 422:
484 2770 589 2808 codd.
616 2782 686 2815 erc,
711 2771 782 2806 nisi
809 2772 908 2816 quod
932 2772 972 2808 P.
999 2771 1104 2808 Here.
1154 2771 1296 2805 Deinde
1322 2770 1426 2806 codd.
1452 2768 1598 2814 quidem
1623 2767 1694 2803 ille.
1752 2767 1833 2803 506.

104 2829 242 2872 aliquid
268 2832 390 2864 actum
415 2829 587 2864 Bothius:
614 2830 720 2867 codd.
747 2833 868 2865 actum
895 2829 1044 2874 aliquid.
1094 2829 1174 2866 508.
1201 2829 1245 2866 V.
1271 2830 1315 2866 D.
1341 2828 1528 2873 gratulari.
1578 2826 1658 2863 509.
1689 2828 1747 2860 est
1772 2825 1833 2860 ob-

103 2897 206 2922 secro
231 2887 403 2923 Bothius:
437 2887 542 2924 codd.
569 2888 721 2923 obsecro
747 2892 814 2925 est.
864 2887 1005 2923 Deinde
1032 2887 1136 2924 codd.
1162 2898 1268 2924 omm.
1295 2890 1416 2931 atque,
1460 2886 1558 2931 quod
1584 2884 1726 2920 addidit
1749 2883 1833 2919 Aci-

103 2945 234 2982 dalius
295 2946 463 2991 Denique
487 2946 532 2983 V.
558 2946 679 2990 cabse‚
705 2950 746 2983 D.
773 2947 813 2983 P.
840 2946 885 2980 ab
913 2956 963 2990 se,
1001 2956 1126 2981 omnes
1165 2945 1287 2982 abisti.
1360 2946 1440 2982 510.
1468 2945 1512 2981 V.
1537 2944 1582 2981 D.
1610 2943 1761 2980 adduce.
1787 2942 1831 2980 V.

102 3007 314 3047 stratopane
338 3004 384 3041 D.
412 3008 672 3049 stratopanem.
698 3005 743 3041 V.
769 3005 814 3042 D.
840 3004 975 3039 nubilis
1000 3016 1035 3049 p.
1062 3005 1124 3040 ubi
1148 3005 1191 3047 is,
1208 3004 1248 3041 P.
1275 3004 1338 3039 ubi
1363 3004 1433 3041 ille.
1476 3003 1555 3039 511.
1581 3002 1622 3038 Ρ.
1641 3001 1831 3038 Venerem.

102 3061 147 3099 ef.
173 3062 265 3099 Gell.
291 3061 392 3108 XIII,
418 3065 474 3107 22,
502 3063 556 3100 11.
607 3062 687 3099 512.
714 3062 758 3099 V.
784 3062 829 3099 D.
855 3072 1049 3107 quamqua.
1099 3062 1179 3099 513.
1203 3063 1378 3107 peperisti
1406 3061 1547 3098 Gener:
1571 3060 1616 3097 V.
1631 3060 1676 3096 D.
1704 3059 1830 3095 deristi

101 3121 142 3157 P.
169 3120 313 3158 dedisti.
364 3121 444 3158 514.
469 3121 514 3159 V.
540 3125 582 3156 ut
606 3121 684 3156 ulta.
708 3132 743 3166 p.
771 3124 808 3156 et
831 3121 919 3167 vita,
944 3121 989 3159 D.
1016 3124 1057 3156 ut
1082 3120 1187 3158 ultra.
