2022 3314
17 46 23 57 ¹
34 44 51 87 ,ζ
115 49 198 98 (lv,
222 52 256 96 3,
282 51 438 97 29—42)
812 51 1141 89 TRucLENTUS.
1790 59 1844 102 57

851 174 1118 219 CALLICLES.

1299 243 1524 300 Responde
1554 246 1679 289 ocius.

122 314 233 367 Quid
264 316 351 370 illa,
383 320 450 360 cui
482 317 590 359 dono
624 317 853 359 donzitust'?

756 398 963 440 ANCILLA
996 408 1186 438 ALTERA.

921 466 1176 520 Supposivit.

852 548 1120 592 CALLICLES.

1270 617 1378 662 Cui?

768 691 974 733 ANCILLA
1009 699 1199 731 ALTERA.

1443 758 1542 801 Sibi.
1776 756 1849 799 (30)

122 820 202 862 Pro
233 820 370 863 filiolo.

847 889 1118 932 CALLICLES.

432 962 512 1002 Pro
544 961 702 1003 filiolo?
762 960 813 1002 Di
844 960 1017 1002 obsecro
1048 962 1231 1001 vostram
1264 956 1401 999 fidem.

115 1030 177 1073 -Ut
209 1030 378 1073 facilius
410 1032 509 1084 alia,
542 1045 667 1084 quam
700 1030 786 1081 illa,
820 1030 931 1073 unde
962 1035 1038 1083 est,
1071 1042 1246 1084 puerum
1280 1027 1484 1070 uterinum
1517 1030 1644 1081 parit!

10 1092 98 1145 ¹795
124 1101 240 1142 Haec
270 1101 412 1144 labere
443 1102 580 1144 alieno
611 1103 786 1155 puerum
818 1101 981 1155 peperit
1012 1102 1101 1144 sine
1134 1098 1357 1141 doloribus.

10 1161 11 1164 Ἴ
122 1171 230 1213 Puer
261 1171 430 1224 quidem
462 1173 645 1215 heatust:
680 1171 834 1214 mut-res
868 1171 974 1214 duas
1006 1170 1153 1222 habet,
1187 1168 1306 1210 avias
1341 1166 1466 1210 diuis:

123 1241 213 1282 Iam
244 1242 394 1294 metuo,
428 1246 570 1295 patres
602 1246 702 1296 quot
733 1241 895 1284 fuerint.
958 1240 1064 1283 Vide
1095 1240 1152 1283 sis
1187 1239 1352 1283 siwinus
1384 1238 1603 1282 muliebre!
1780 1236 1854 1280 (35)

879 1312 1098 1354 ANCILLA.

122 1380 258 1433 Magis
290 1381 360 1434 pol
392 1381 448 1423 ad
480 1382 590 1424 viros
623 1382 784 1424 malitia
816 1381 922 1425 haec
952 1381 1145 1436 pertinet,
1180 1395 1307 1434 quam
1340 1380 1396 1423 ad
1427 1379 1635 1423 mulieres

122 1451 192 1492 Vir
223 1451 353 1504 illam,
386 1452 468 1494 nen
500 1453 647 1496 mulier
678 1452 954 1507 praegnatem
989 1452 1099 1495 fecit.

846 1534 1116 1578 CALLICLES.

1205 1602 1322 1647 Idem
1353 1617 1432 1658 ego
1462 1604 1569 1648 istuc
1599 1605 1697 1647 scio.

29 1689 99 1724 800
122 1679 187 1722 Tu
218 1677 327 1719 bona
358 1675 396 1717 ei
426 1679 565 1719 custos
597 1676 725 1720 fuisti.

874 1758 1094 1800 ANCILLA.

798 1829 899 1872 Plus
930 1829 1081 1882 potest,
1117 1829 1188 1882 qui
1219 1828 1314 1882 plus
1351 1827 1476 1871 valet.

121 1902 193 1944 Vir
224 1904 329 1953 erat,
362 1899 456 1953 plus
489 1899 671 1951 valebat,
705 1899 820 1942 vicit:
854 1898 967 1952 quod
998 1899 1181 1953 petebat,
1215 1898 1399 1941 abstulit.

845 1981 1115 2024 CALLICLES.

120 2055 173 2098 Et
203 2053 276 2095 tibi
307 2052 475 2106 quidem
508 2051 646 2095 hercle
677 2052 790 2095 idem
820 2053 884 2096 vir
915 2052 1053 2095 attulit
1087 2065 1287 2106 magnum
1317 2051 1485 2094 malum.
1778 2044 1852 2092 (40)

867 2123 1087 2165 ANCILLA.

120 2194 185 2236 De
215 2192 320 2236 istoc
351 2194 459 2246 ipsa,
493 2192 570 2235 etsi
601 2196 645 2235 tu
676 2192 834 2246 taceas,
868 2206 1019 2246 reapse
1051 2193 1231 2247 experta
1262 2192 1472 2246 intellego.

850 2275 1119 2318 CALLmLEs.

118 2347 342 2400 Nunquam
374 2345 415 2388 te
446 2346 584 2388 faeere
616 2346 741 2390 hodie
772 2346 902 2400 quivi,
935 2350 980 2389 ut
1010 2346 1047 2390 is
1079 2346 1173 2400 quis
1205 2346 1317 2390 e'sset
1348 2346 1523 2390 diceres.

214 2544 293 2579 792.
309 2543 367 2579 cui
381 2543 476 2579 dono
494 2543 669 2579 donatust
682 2543 978 2588 Kampmannus:
994 2544 1099 2581 codd.
1116 2544 1174 2579 cui
1189 2544 1380 2581 donatust.
1395 2543 1440 2580 V.
1453 2543 1497 2580 D.
1513 2542 1578 2577 tibi
1591 2554 1625 2587 p.
1641 2543 1718 2578 sibi.
1771 2542 1849 2577 793.

117 2605 161 2641 V.
170 2605 212 2639 D.
222 2614 288 2648 pro
303 2602 416 2638 filiolo
429 2603 506 2638 toni
520 2613 585 2646 pro
599 2601 722 2648 filiolo,
736 2603 775 2638 P.
791 2613 855 2647 pro
870 2602 955 2639 filio.
974 2614 1038 2646 pro
1054 2602 1142 2638 filio.
1163 2602 1207 2638 V.
1228 2603 1273 2640 D.
1283 2603 1341 2637 del
1356 2614 1391 2647 p.
1418 2601 1464 2638 di.
1514 2600 1592 2637 794.
1613 2601 1656 2635 V.
1678 2602 1720 2636 D.
1743 2610 1850 2644 quam

119 2662 187 2698 alie
202 2662 297 2697 unde
314 2672 466 2706 puerum
485 2664 525 2695 ut
544 2663 746 2705 numparet,
762 2661 801 2698 P.
822 2672 930 2706 quam
945 2662 1068 2706 aliqua
1090 2661 1258 2695 alicunde
1271 2672 1421 2705 puerum
1436 2663 1561 2694 natum
1575 2660 1680 2703 parit.
1697 2657 1850 2702 Scripsi:

117 2731 269 2765 puerum
295 2720 489 2764 uterinum,
529 2719 605 2754 scil.
633 2730 677 2753 ex
709 2720 837 2756 eodem
871 2724 975 2755 utero
1007 2724 1144 2756 uatum.
1234 2720 1311 2757 795.
1337 2720 1380 2756 V.
1411 2720 1550 2754 lauare.
1626 2718 1705 2753 796.
1732 2717 1776 2753 V.
1803 2717 1847 2752 D.

119 2783 233 2814 mater
257 2789 358 2814 onas.
386 2777 491 2814 codd.
518 2788 642 2812 omnes
668 2778 778 2813 habet
803 2782 837 2813 et
865 2779 978 2814 anias.
1030 2779 1110 2815 797.
1137 2780 1176 2814 Ρ.
1204 2778 1361 2815 fuerunt.
1387 2778 1431 2814 V.
1460 2778 1501 2812 D.
1530 2775 1707 2811 muliebri.
1769 2775 1848 2810 798.

117 2837 164 2873 ad
189 2838 286 2872 viros
312 2837 451 2872 malitia
482 2835 571 2870 haec
608 2836 768 2880 pertinet
805 2836 978 2872 Bothius:
1017 2838 1121 2874 codd.
1160 2837 1252 2872 haec
1289 2836 1429 2871 malitia
1465 2836 1620 2880 pertinet
1657 2833 1702 2868 ad
1741 2833 1849 2877 uiros,

116 2897 187 2932 nisi
213 2897 311 2941 quod
348 2897 391 2933 D.
418 2895 557 2930 militi-ct.
600 2894 643 2930 V.
668 2895 712 2932 D.
740 2895 904 2930 muliebri
942 2906 976 2940 p.
1004 2897 1182 2932 mulieres,
1266 2896 1345 2932 799.
1378 2895 1421 2930 V.
1448 2895 1493 2930 D.
1519 2894 1586 2929 uiri
1611 2894 1691 2936 ium,
1729 2892 1769 2927 P.
1794 2891 1849 2925 uir

117 2965 207 2990 eam.
234 2955 279 2991 D.
304 2955 344 2992 P.
370 2957 621 3000 pregnantem.
648 2953 753 2989 codd.
780 2965 907 2989 omnes
932 2955 979 2990 Et
1006 2955 1113 2992 idem.
1132 2953 1276 2988 Delcvit
1301 2954 1350 2987 Et
1374 2954 1552 2988 Gollcrus.
1601 2951 1694 2987 801.
1725 2950 1847 2984 abstu-

115 3015 159 3049 lit
195 3013 435 3049 Camerarius:
475 3013 517 3048 V.
557 3011 714 3056 adstuni,
756 3012 799 3046 D.
833 3012 939 3048 adest
973 3014 1046 3057 uni,
1085 3013 1124 3049 P.
1164 3012 1271 3047 adest
1308 3012 1452 3046 uictum.
1545 3010 1624 3045 802.
1662 3009 1756 3043 idem
1794 3008 1849 3042 vir

116 3072 301 3107 Gellerus:
328 3072 431 3107 codd.
458 3081 562 3108 omm.
589 3070 654 3106 vir.
706 3071 786 3106 803.
814 3070 920 3108 codd.
945 3071 1043 3117 rea-b,
1069 3082 1137 3108 om.
1164 3081 1214 3107 se.
1289 3071 1370 3107 804.
1405 3068 1505 3115 quivi
1543 3072 1583 3103 ut
1621 3067 1653 3102 is
1679 3066 1845 3102 Camera-

116 3130 206 3166 rius:
233 3130 277 3167 V.
302 3131 347 3168 D.
375 3134 414 3165 ut
438 3130 567 3176 quiuis,
593 3130 632 3166 P.
659 3129 771 3165 cuius,
