2022 3314
706 858 1182 921 PROLOGUS.

342 986 614 1066 Perparvam
648 1011 811 1065 partem
842 1012 1028 1066 postulat
1059 1012 1234 1052 Plautus
1270 1009 1351 1050 loci

340 1084 403 1125 De
434 1083 587 1124 vestris
619 1082 785 1135 magnis
818 1087 944 1136 atque
977 1082 1165 1123 amoenis
1196 1079 1425 1129 moenibus,

342 1153 530 1195 Athenas
560 1153 641 1205 quo
673 1152 764 1194 sine
796 1153 1035 1195 architectis
1068 1151 1268 1194 conferat.

343 1223 453 1273 Quid
486 1223 625 1264 nunc‘?
658 1222 824 1264 daturin
856 1224 969 1276 estis,
1003 1223 1057 1264 an
1087 1222 1202 1263 non?
1234 1220 1431 1262 adnuont.

56 1307 77 1342 5
342 1293 480 1353 Minor
511 1292 703 1345 equidem
735 1293 855 1335 vobis
887 1307 954 1335 me
986 1292 1223 1335 ablaturum
1257 1291 1346 1333 sine
1379 1290 1507 1331 mora.

339 1354 461 1413 Quid
491 1366 527 1404 si
559 1362 610 1404 de
641 1363 784 1405 vostro
818 1363 1035 1417 quippiam
1068 1362 1212 1404 orem?
1243 1374 1295 1402 en
1328 1360 1526 1402 abnuont.

344 1433 468 1474 Enim
496 1432 636 1475 hercle
666 1433 709 1475 in
738 1433 884 1475 vobeis
916 1432 1100 1475 resident
1130 1432 1268 1473 meres
1300 1431 1475 1484 pristini,

345 1503 412 1544 Ad
444 1502 742 1556 denegandum
772 1508 817 1545 ut
848 1503 976 1545 celeri
1006 1503 1151 1555 lingua
1182 1502 1367 1543 utamini.

346 1573 431 1615 Sed
461 1573 541 1615 hoe
573 1574 764 1626 agamus,
796 1573 878 1615 huc
912 1586 994 1626 qua
1026 1573 1198 1615 ventum
1231 1576 1294 1614 est
1325 1572 1475 1625 gratia.

0 1656 2 1659 ·
37 1648 81 1682 10
347 1643 524 1684 Athenis
556 1643 706 1696 agitur,
739 1644 797 1685 ita
829 1647 873 1685 ut
904 1643 983 1685 1100
1015 1643 1079 1685 est
1109 1642 1387 1697 proscenium,

346 1713 572 1766 Tantisper
604 1713 702 1755 dum
734 1713 1007 1767 transigimus
1039 1713 1149 1755 hane
1182 1712 1455 1756 comoediam.

350 1784 428 1825 Hic
458 1782 621 1824 habitat
653 1783 813 1837 mulier,
846 1798 998 1826 nomen
1030 1784 1094 1826 0111
1126 1783 1191 1825 est
1222 1783 1509 1825 Phronesium.

351 1855 467 1895 Haec
499 1852 621 1894 huius
654 1853 756 1896 secli
787 1868 924 1897 mores
956 1856 996 1896 in
1029 1867 1074 1896 se
1106 1853 1314 1907 possidet:

351 1925 590 1976 Numquam
622 1925 674 1965 ab
706 1924 895 1966 amatore
927 1924 1171 1978 postulavit,
1206 1923 1316 1977 quod
1351 1922 1493 1964 datum
1526 1921 1601 1973 est,

41 1998 84 2033 15
354 1994 439 2036 Sed
471 1993 670 2035 relicuom
702 1993 776 2034 dat
806 2008 978 2047 operam
1010 1994 1063 2035 ne
1096 1994 1149 2036 sit
1180 1994 1378 2036 relicuom

353 2062 571 2105 Poscendo
605 2067 729 2115 atque
763 2063 1004 2116 auferendo,
1039 2068 1081 2106 ut
1113 2064 1204 2106 mos
1236 2068 1299 2106 est
1326 2063 1556 2104 mulierum.

354 2135 462 2177 Nam
494 2133 628 2175 omnis
661 2133 704 2174 id
735 2133 906 2187 faciunt,
940 2148 1034 2177 cum
1067 2148 1111 2176 se
1144 2133 1277 2175 amari
1308 2133 1570 2185 intellegunt.

357 2205 421 2245 Ea
453 2217 497 2245 se
529 2205 746 2257 peperisse
779 2218 953 2257 puerum
987 2204 1155 2246 simulat
1186 2204 1320 2257 militi,

360 2274 450 2324 Quo
485 2274 605 2315 citius
638 2286 724 2314 rem
759 2274 810 2316 ab
843 2288 892 2316 eo
925 2279 1088 2316 avertat
1119 2274 1212 2335 011111
1245 2273 1494 2327 pulvisculo.

45 2339 92 2374 20
332 2344 470 2393 'Quid
500 2344 631 2384 multa
642 2344 663 2384 i>
698 2343 813 2386 locus
844 2344 941 2385 huie
973 2345 1008 2385 si
1041 2332 1294 2397 suppeteret
1312 2343 1487 2395 mulieri,

361 2414 402 2455 Is
435 2427 530 2455 cum
563 2413 705 2455 anima
736 2413 792 2455 ad
824 2427 917 2456 eam
950 2414 1191 2456 habentiam
1225 2415 1388 2455 omnem
1421 2411 1637 2454 cvorteret.

192 2608 237 2645 V.
275 2608 366 2642 1-3
403 2606 448 2643 cf.
514 2606 627 2640 Prisc.
668 2605 712 2640 dc
744 2610 846 2642 metr.
885 2607 966 2642 Ter.
1000 2618 1030 2642 0.
1056 2607 1090 2649 2,
1116 2606 1148 2643 9,
1199 2606 1381 2650 Apuleius
1413 2605 1510 2640 Flor.
1549 2605 1599 2639 IV
1642 2602 1747 2639 n.18
1775 2601 1832 2638 ed.

100 2665 339 2703 Hildebrand.
360 2667 394 2703 4.
419 2666 464 2702 V.
490 2665 536 2702 D.
563 2665 702 2699 adnunt
727 2666 768 2702 P.
797 2670 833 2700 at
860 2675 967 2700 1111110,
995 2665 1026 2699 5.
1054 2664 1099 2700 V.
1126 2664 1171 2699 D.
1190 2663 1317 2698 Melior
1334 2673 1390 2697 me
1409 2663 1565 2707 quidem.
1592 2663 1630 2696 P.
1649 2660 1832 2695 Meliorem

101 2725 257 2768 quidem.
358 2724 496 2768 Scripsi
523 2723 642 2758 Minor
668 2723 845 2767 equidem.
880 2724 912 2758 6.
947 2723 1051 2758 codd.
1088 2733 1194 2756 omm.
1229 2732 1284 2756 en.
1317 2722 1357 2757 P.
1387 2721 1584 2758 abducunt.
1670 2720 1702 2754 7.
1727 2719 1833 2753 Enim

100 2783 220 2819 hercle
244 2784 306 2830 V.;
334 2784 378 2819 D.
405 2784 498 2817 Eum
524 2781 645 2816 hercle
669 2782 710 2816 P.
738 2782 926 2816 Mehercle.
954 2781 1000 2818 V.
1026 2782 1063 2815 in
1090 2781 1210 2815 uodiis
1238 2780 1282 2816 D.
1309 2780 1348 2816 P.
1375 2779 1519 2814 inodiis.
1588 2779 1618 2815 9.
1639 2777 1743 2814 codd.
1763 2788 1835 2821 qua.

102 2842 184 2878 huc.
258 2844 302 2878 1'0
326 2840 431 2877 codd.
457 2843 585 2875 tracto.
638 2839 777 2884 Scripsi
803 2841 934 2885 agitur.
1009 2840 1062 2874 12.
1090 2839 1194 2874 codd.
1223 2839 1379 2874 nomine.
1446 2839 1500 2873 14.
1527 2836 1633 2872 codd.
1661 2847 1726 2871 suo
1752 2846 1835 2880 pos-

105 2901 199 2935 tulat
231 2901 268 2935 id
301 2911 336 2945 p.
362 2898 577 2944 postulavit.
682 2898 737 2933 15.
782 2898 854 2933 Sed
887 2898 1061 2932 relicuom
1107 2897 1353 2933 Camerarius:
1399 2896 1503 2932 codd.
1541 2894 1613 2929 Sed
1650 2895 1835 2939 reliquam.

108 2960 163 2994 19.
183 2959 288 2996 codd.
308 2959 448 2994 auferat
462 2969 495 3002 p.
518 2960 671 2992 auertat.
735 2957 791 2992 20.
810 2957 855 2993 V.
875 2957 989 2991 multa
1016 2985 1022 2991 .
1041 2985 1047 2992 .
1064 2984 1094 2993 ..
1124 2955 1225 2990 Stuic
1252 2955 1282 2989 si
1310 2958 1455 2999 superet
1473 2953 1634 2988 muliere.
1660 2954 1705 2991 D.
1722 2954 1837 2989 multa

106 3021 253 3062 superet
271 3017 467 3053 mulierem.
518 3016 559 3052 P.
577 3015 692 3050 Multa
713 3019 881 3060 superest
908 3015 1104 3049 mulierem.
1189 3012 1326 3058 Scripsi
1344 3014 1446 3048 locus
1464 3013 1546 3047 huie
1566 3013 1596 3046 si
1615 3016 1836 3058 suppeteret.

106 3075 164 3113 21.
202 3075 308 3112 codd.
342 3085 483 3121 omnes:
520 3074 578 3108 his
611 3094 652 3098 —-
691 3074 736 3108 ad
769 3084 850 3108 eum
883 3073 1045 3108 habenti.
1102 3071 1244 3106 Deinde
1276 3081 1430 3115 omnem,
1464 3070 1561 3114 quod
1586 3070 1694 3106 codd.
1720 3081 1837 3113 omm.,

110 3134 250 3169 addidit
278 3133 453 3178 Scaliger.
504 3132 671 3175 Denique
696 3134 735 3167 P.
765 3132 937 3166 everterit
964 3132 1008 3166 V.
1035 3130 1246 3164 ereeteritur
1271 3130 1314 3165 D.
1342 3129 1557 3165 erteteritur.
