2022 3314
226 51 284 91 42
1053 47 1236 84 PLAUTI
1661 51 1721 96 (Π,
1747 53 1779 97 7,
1804 52 1960 99 31—39)

942 240 1249 282 Pnnonsssmm.

131 311 200 346 580
224 307 449 360 [mpudens
479 312 698 350 mecastor.

1026 392 1166 434 GETA.

788 460 998 512 Quidnam
1029 464 1124 504 est?
1182 464 1358 518 Egone?
1418 466 1509 507 Tun
1545 467 1653 508 bona.
1684 466 1768 508 fide

225 530 292 572 Me
322 531 386 573 ais
418 531 703 585 impudentem
735 544 841 584 esse,
872 534 968 586 ipsa
998 545 1107 586 quae
1138 533 1195 576 sis
1228 535 1437 578 stabulum
1469 535 1635 589 flagiti?

938 639 1246 681 PHRONEsmM.

222 707 314 759 Die,
347 698 519 750 amabo:
553 709 622 751 ubi
653 708 955 751 Diniarchust?

1022 806 1165 848 GETA.

1020 875 1157 917 Domi.

936 960 1246 1009 ΡῌκοΝΕειυΜ.

1059 1028 1061 1030 ’
1222 1030 1301 1072 Dic
1332 1030 1437 1073 haec
1469 1032 1520 1073 oh
1553 1031 1676 1085 dona,
1716 1032 1825 1086 quae

220 1099 286 1141 Ad
319 1113 385 1141 mc
415 1100 585 1152 miserit,
619 1113 685 1142 me
716 1099 861 1142 amirre,
891 1099 1007 1142 illum
1041 1100 1223 1142 omnium
1256 1100 1467 1143 hominum
1501 1102 1721 1155 plurimum

222 1171 336 1224 Erga
368 1170 545 1224 eumque
575 1170 771 1213 honorem
806 1169 963 1212 hahere
992 1184 1088 1214 eum
1119 1171 1301 1213 omnium
1334 1185 1400 1214 mc
1430 1173 1670 1215 maxumum

127 1252 197 1287 585
222 1241 276 1283 Et
306 1244 351 1283 ut
382 1240 463 1283 huc
494 1240 651 1294 veniat,
683 1241 919 1284 obsecrare.

1021 1323 1162 1367 GE'rA.

981 1395 1111 1437 Licet.
1144 1398 1209 1437 set
1238 1396 1432 1448 quisnam
1463 1395 1550 1437 illic
1578 1394 1703 1438 homo
1735 1395 1810 1450 est,
1881 1393 1956 1437 (35)

221 1464 302 1514 Qui
333 1463 450 1516 ipsus
482 1463 528 1506 se
560 1468 717 1508 comest
746 1468 833 1507 tam
864 1465 1025 1508 tristis?
1063 1466 1204 1508 animo
1236 1466 1376 1509 hercle
1408 1466 1532 1509 homo
1565 1470 1629 1509 est
1659 1480 1734 1509 suo
1766 1467 1904 1522 miser,

221 1533 420 1588 Quisquis
451 1534 527 1577 cst.
1622 1522 1626 1528 ¹

930 1619 1240 1662 PHRONEsmM.

579 1687 762 1742 Dignust
792 1689 1013 1741 mec-(istor.

1015 1773 1155 1815 GETA.

1069 1843 1170 1895 Quis
1203 1842 1297 1887 est?

933 1942 1244 1984 PHRONESIUM.

1352 2012 1444 2054 Non
1475 2012 1658 2054 novisti?
1693 2012 1878 2055 obsecro.

219 2091 299 2142 Qui
331 2092 391 2134 illi
422 2092 538 2146 apud
570 2106 635 2135 me
667 2097 770 2146 erat,
802 2091 926 2136 huius
957 2094 1079 2148 pater
1109 2095 1226 2148 pueri
1258 2099 1335 2149 est,
1367 2095 1437 2149 qui
1469 2095 1806 2138 mendicabulum

219 2162 352 2206 Jussit
382 2164 477 2205 alei.
511 2177 613 2206 sane
645 2163 900 2217 auscultavi,
933 2164 1170 2207 observavi.

312 2362 394 2398 580.
421 2362 616 2408 impudens
642 2361 839 2397 Gruterus:
866 2361 972 2398 codd.
999 2371 1127 2396 omnes
1153 2361 1263 2397 immo
1289 2363 1418 2407 pudet.
1455 2362 1598 2397 Deinde
1622 2362 1667 2399 V.
1693 2362 1738 2398 D.
1765 2371 1870 2398 cuam
1896 2365 1954 2397 est

216 2432 252 2466 p.
278 2421 451 2465 quidnam
477 2425 533 2456 est
561 2421 599 2458 P.
627 2422 752 2465 quanti
780 2425 846 2458 est.
896 2421 1025 2464 Egone
1050 2420 1224 2455 Bothius:
1261 2421 1367 2458 codd.
1394 2422 1505 2466 egori.
1555 2421 1722 2466 Denique
1749 2420 1853 2457 codd.
1880 2430 1953 2455 om-

217 2489 282 2514 nes
307 2483 345 2514 tu
372 2490 406 2524 p.
433 2483 509 2516 tun.
582 2481 663 2517 581.
689 2480 732 2517 V.
759 2481 866 2515 Tune
891 2481 981 2524 asin,
1009 2481 1053 2517 D.
1079 2481 1182 2516 Tune
1211 2481 1327 2527 ansin,
1367 2482 1406 2519 P.
1431 2482 1536 2516 Tunc
1562 2481 1628 2518 ais.
1677 2479 1821 2515 Deinde
1846 2479 1952 2517 codd.

217 2548 344 2573 omncs
370 2538 616 2583 impudentem
643 2550 700 2574 me
725 2549 819 2574 esse.
869 2538 913 2576 V.
941 2540 1052 2583 amsa,
1078 2538 1122 2575 V.
1147 2538 1190 2575 D.
1218 2539 1445 2583 sistabulum,
1471 2540 1511 2575 P.
1539 2539 1586 2574 sit
1611 2538 1806 2575 stabulum.
1870 2537 1950 2573 582.

217 2597 322 2633 codd.
361 2597 492 2632 amabo
530 2601 566 2631 te
592 2597 654 2632 ubi
680 2601 738 2632 est
762 2597 968 2632 Dinarchus
998 2619 1040 2622 —
1068 2597 1115 2632 ob
1142 2596 1243 2634 haec.
1330 2597 1411 2634 583.
1436 2598 1480 2635 D.
1506 2598 1545 2634 P.
1574 2597 1773 2642 admiserit,
1798 2606 1857 2632 om
1883 2608 1950 2632 me.

217 2656 359 2690 Deinde
385 2656 492 2692 codd.
518 2656 618 2690 illum
657 2666 778 2691 amare
814 2656 1005 2700 plurimum
1031 2655 1192 2690 omnium
1216 2654 1409 2692 hominum.
1483 2656 1563 2693 584.
1589 2656 1688 2700 Erga
1712 2665 1867 2699 eumque
1892 2655 1950 2701 P.;

217 2714 263 2751 V.
290 2714 334 2749 I).
362 2714 460 2757 Ergo
488 2724 688 2758 meumque.
715 2715 857 2750 Deinde
882 2715 921 2752 P.
948 2715 1121 2750 honorem
1147 2723 1228 2748 eum
1253 2713 1387 2749 habe-re
1413 2715 1571 2749 omnium
1598 2724 1815 2756 maxumum,
1840 2713 1886 2750 V.
1905 2713 1950 2749 D.

218 2771 391 2807 honorem
417 2773 519 2807 illum
546 2772 677 2808 habere
703 2774 861 2809 omnium
886 2783 1103 2810 maxumum.
1176 2771 1256 2809 585.
1284 2773 1389 2810 codd.
1416 2773 1539 2818 Atque
1564 2784 1599 2818 p.
1624 2773 1682 2809 Et.
1706 2770 1753 2809 V.
1778 2771 1824 2810 D.
1840 2771 1951 2807 'obse-

218 2834 306 2867 crat.
357 2831 500 2865 Deinde
527 2831 611 2865 licet
636 2831 844 2868 Acidalius:
870 2832 975 2868 codd.
1003 2832 1115 2866 ilicet.
1182 2831 1262 2867 586.
1288 2831 1333 2868 D.
1360 2842 1398 2867 sc
1426 2834 1574 2868 cumest.
1600 2830 1708 2867 codd.
1733 2840 1838 2867 omm.
1864 2834 1950 2873 tam,

218 2889 263 2926 V.
289 2889 405 2924 tristis
431 2891 534 2924 oculis
558 2891 666 2924 mulie.
730 2891 810 2926 587.
838 2891 883 2926 V.
910 2890 955 2926 D.
982 2890 1115 2935 nequid
1141 2893 1198 2925 est
1223 2901 1258 2935 p.
1285 2890 1368 2934 quis
1396 2893 1463 2925 est.
1515 2890 1554 2926 P.
1580 2888 1713 2932 ecquid
1738 2892 1806 2924 est.
1868 2888 1950 2924 588.

219 2948 324 2982 codd.
351 2947 435 2991 illic,
462 2948 531 2982 nisi
556 2947 655 2992 quod
682 2948 727 2985 V.
753 2948 855 2991 ilitic.
884 2948 1028 2983 Deinde
1054 2948 1098 2986 V.
1125 2947 1232 2984 huius
1257 2951 1361 2993 pater
1385 2947 1488 2993 pueri
1513 2947 1586 2983 illic
1611 2951 1679 2992 est,
1706 2947 1750 2983 D.
1775 2946 1815 2983 P.
1843 2945 1951 2982 huius

218 3010 332 3050 pater,
365 3017 472 3042 omm.
499 3007 639 3042 ceteris.
689 3006 857 3051 Denique
883 3007 928 3042 D.
955 3016 1070 3050 usque
1096 3006 1143 3042 ad
1169 3006 1395 3052 ientaculum,
1438 3005 1483 3043 V.
1510 3006 1549 3041 P.
1577 3016 1693 3051 usque
1719 3005 1766 3040 ad
1791 3005 1950 3041 iectacu-

218 3064 297 3100 lem.
370 3064 451 3102 589.
478 3065 523 3102 V.
550 3065 595 3100 D.
622 3065 694 3102 alii.
745 3065 888 3101 Deinde
914 3065 1020 3102 codd.
1047 3064 1165 3100 mansi
1187 3075 1223 3110 p.
1248 3075 1347 3102 sane.
1398 3065 1563 3110 Denique
1588 3064 1692 3100 codd.
1719 3073 1846 3099 omnes
1871 3073 1950 3109 per-

218 3132 301 3157 nam
327 3134 362 3168 p.
387 3123 556 3168 perbene.
