2022 3314
209 43 268 83 40
989 37 1170 74 PLAUTI
1666 39 1726 86 (11,
1751 40 1784 85 7,
1810 40 1942 86 1—16)

602 274 742 318 GETA.
803 276 1113 319 PHRoNEsmM.
1174 276 1546 320 STRATOPHANES.

1008 395 1148 438 GETA.

409 476 483 528 Ite,
516 477 584 528 ite,
618 475 699 517 hac
730 475 854 518 simul
885 478 1088 521 maliferei
1122 478 1402 533 damnige’ruli

409 545 542 587 Foras
573 547 868 601 congerrones,
901 550 1101 592 bonorum
1133 550 1372 603 exagogae!

209 616 328 657 Satin
345 615 380 658 si
397 616 490 669 quis
507 617 634 669 amat,
654 618 798 670 nequit
814 618 913 671 quin
931 619 1050 661 nihili
1069 620 1123 662 sit
1139 623 1264 673 atque
1281 618 1482 671 improbis
1499 617 1658 660 artibus
1676 631 1722 660 se
1732 619 1942 672 expoliat?

115 687 185 721 550
411 686 564 728 Verum
595 687 675 729 hec
706 688 775 741 qui
807 689 951 742 sciam,
983 703 1036 731 uc
1068 690 1160 742 quis
1192 688 1235 730 id
1267 693 1443 741 (praerat
1473 687 1526 729 e'x
1558 701 1635 740 me,

408 756 531 797 Domi
565 756 640 809 est,
673 758 743 810 qui
774 756 877 799 facit
907 772 1101 812 nequam,
1133 758 1326 812 improba
1357 758 1485 810 facta,
1519 758 1694 800 amator.

409 826 489 866 Pro
521 826 705 869 stercore
735 841 814 870 sua
844 828 956 870 bona
986 829 1127 882 habet,
1159 828 1272 870 foras
1303 827 1417 870 iubet
1448 826 1610 870 ecferri.
1889 824 1941 869 (5)

409 894 517 945 Quin
549 897 700 954 metuit
725 898 963 940 cubiculum
993 912 1046 940 ne
1077 898 1397 940 mundissimum
1427 897 1492 939 sit.

743 968 830 1009 Sibi
863 981 992 1021 puras
1024 968 1118 1011 esse
1147 969 1236 1011 volt
1267 967 1398 1009 aedis.

114 1042 184 1077 555
209 1035 333 1076 Domi
366 1036 561 1089 quiequid
594 1036 735 1090 habet,
767 1038 945 1081 verritur
976 1034 1070 1083 ἔξω.
1134 1037 1485 1091 Quandoquidem
1517 1037 1633 1090 ipsus
1665 1051 1712 1080 se
1743 1038 1893 1091 perdit,

208 1105 377 1146 Secreto
396 1106 587 1158 equidem
606 1107 723 1149 illum
740 1107 955 1160 adiutabo,
978 1121 1057 1150 nec
1074 1121 1169 1150 mea
1187 1107 1354 1161 quidem
1377 1108 1412 1149 is
1434 1108 1563 1161 opera
1584 1107 1725 1150 hercle
1746 1121 1944 1162 umquam

327 1175 422 1217 Hilo
454 1176 590 1219 minus
622 1177 704 1219 cito
735 1182 820 1220 tam
853 1179 1045 1232 prepere,
1078 1192 1204 1232 quam
1234 1177 1386 1231 potest,
1418 1177 1579 1231 peribit.

268 1245 376 1287 Nam
409 1245 461 1288 de
492 1246 571 1288 hoc
603 1248 808 1290 obsonatu
841 1247 893 1289 de
924 1249 1040 1290 mina
1073 1262 1158 1291 una
1190 1247 1372 1290 deminui
1409 1246 1534 1289 modo
1871 1244 1945 1288 (10)

269 1314 461 1368 Quinque
491 1317 700 1360 nummos:
736 1318 836 1360 mihi
870 1317 1034 1360 detraxi
1066 1323 1229 1372 partem
1261 1316 1359 1359 inde
1390 1316 1713 1360 Herculaneam.

113 1383 183 1417 560
270 1385 377 1427 Nam
409 1385 488 1428 hoc
520 1386 714 1430 adsimile
746 1393 822 1442 est,
855 1389 975 1442 quasi
1009 1388 1061 1431 de
1092 1388 1220 1431 flovio
1254 1388 1324 1440 qui
1355 1401 1508 1441 aquam
1541 1387 1704 1430 derivat
1735 1388 1824 1431 sibi:

265 1456 355 1498 Nisi
386 1456 608 1510 derivetur,
638 1461 779 1501 tamen
812 1459 946 1501 omnis
979 1472 1030 1501 ea
1062 1472 1173 1512 aqua
1207 1459 1333 1501 abeat
1362 1457 1403 1499 in
1436 1458 1564 1500 mare.

266 1526 373 1568 Nam
405 1526 484 1568 hoc
515 1527 557 1568 in
589 1528 706 1571 mare
737 1529 843 1581 abit,
882 1529 1033 1572 misere
1067 1529 1239 1584 pessum
1270 1529 1301 1571 it
1331 1529 1420 1571 sine
1452 1529 1562 1570 bona
1594 1529 1705 1572 omni
1736 1530 1885 1583 gratia.

208 1596 312 1639 Cum
344 1597 450 1639 haec
480 1597 604 1640 video
635 1598 742 1653 fieri,
773 1600 967 1653 suffuror,
1001 1600 1054 1642 de
1086 1599 1249 1654 praeda
1279 1598 1485 1653 praedam
1517 1599 1652 1653 capio,
1868 1604 1943 1650 (15)

206 1667 463 1710 Meretricem
480 1681 558 1722 ego
574 1669 673 1711 item
688 1670 784 1713 esse
796 1684 904 1724 reor,
918 1684 1033 1713 mare
1047 1675 1091 1712 ut
1106 1671 1186 1712 est:
1205 1669 1315 1724 quod
1331 1670 1419 1722 des,
1439 1669 1614 1712 devorat
1635 1683 1712 1712 nec
1738 1670 1941 1714 abundat.

301 1864 345 1901 V.
372 1864 569 1903 ASTARC
594 1878 628 1912 p.
656 1858 935 1913 Stratophanes,
975 1869 1018 1905 D.
1046 1868 1346 1904 ASTAPHIUM.
1373 1868 1412 1905 P.
1440 1867 1534 1904 Geta
1560 1879 1698 1906 seruus.
1734 1868 1944 1914 Stratopha-

207 1932 273 1957 nes
299 1924 414 1961 miles.
464 1924 703 1962 Phronesium
730 1927 909 1966 meretrix.
987 1928 1066 1964 547.
1094 1928 1139 1964 V.
1165 1927 1209 1964 D.
1236 1926 1399 1962 mulierei
1425 1937 1460 1971 p.
1487 1926 1672 1972 maliferei‚
1712 1927 1752 1965 P.
1783 1927 1943 1966 muliere.

207 1982 286 2018 548.
314 1983 419 2020 codd.
446 1985 611 2029 gerronis
637 1997 671 2030 p.
699 1997 956 2031 congerrones.
1008 1986 1152 2021 Deinde
1178 1986 1222 2022 V.
1250 1996 1462 2032 magagoce,
1488 1986 1532 2022 D.
1557 1986 1597 2023 P.
1625 1996 1799 2031 axagoce.
1863 1987 1942 2023 549.

208 2040 254 2077 V.
279 2041 324 2078 D.
352 2052 391 2077 se
417 2053 451 2087 p.
479 2043 521 2079 si.
547 2044 586 2081 P.
614 2047 705 2081 satis
731 2049 790 2082 est
815 2045 888 2090 qui.
938 2045 1081 2080 Deinde
1113 2046 1157 2081 D.
1197 2043 1285 2079 nibil
1324 2045 1354 2079 is
1393 2045 1518 2089 itaque
1555 2045 1740 2089 inprouise
1777 2045 1944 2090 partibus

209 2100 378 2145 expoliat,
404 2102 443 2138 P.
470 2101 558 2136 nihil
585 2103 633 2138 sit
659 2104 757 2149 quod
784 2104 980 2150 improuise
1005 2103 1184 2148 patribus.
1235 2103 1279 2140 V.
1306 2103 1407 2138 nihili
1435 2103 1578 2148 sitaque
1604 2103 1822 2148 inprouisse,
1849 2108 1943 2139 cete-

208 2158 258 2192 ris
285 2168 391 2196 emm.
453 2160 533 2197 550.
561 2162 668 2199 codd.
693 2174 776 2198 nam
801 2174 836 2207 p.
863 2173 1000 2200 verum.
1026 2163 1070 2200 V.
1098 2163 1159 2208 qui
1187 2163 1322 2198 scieam
1348 2163 1393 2199 D.
1421 2162 1502 2207 quis
1527 2163 1653 2199 cinam.
1720 2162 1801 2200 551.
1826 2161 1872 2200 V.
1898 2162 1943 2197 D-

210 2216 328 2252 domis
351 2217 463 2263 idque
489 2219 603 2266 facta,
639 2223 710 2256 nisi
748 2222 847 2266 quod
874 2220 914 2258 V.
941 2222 1023 2267 itq.;
1063 2220 1132 2258 fac.
1158 2221 1197 2258 P.
1224 2221 1318 2256 domi
1345 2221 1414 2256 scit
1439 2221 1501 2267 qui
1526 2220 1624 2258 facit.
1674 2222 1816 2257 Deinde
1839 2221 1944 2258 codd.

209 2286 316 2313 omm.
343 2287 510 2321 nequam.
563 2279 643 2317 552.
670 2280 776 2317 codd.
805 2280 876 2322 Qui
902 2280 1000 2316 bona
1028 2290 1096 2314 sua
1119 2290 1184 2324 pro
1211 2284 1371 2316 stercore
1396 2280 1516 2316 habet.
1568 2280 1710 2316 Deinde
1735 2281 1780 2318 V.
1807 2279 1873 2316 feri
1898 2280 1942 2318 D.

209 2333 286 2369 fieri
311 2335 351 2373 P.
378 2335 462 2371 ferri
487 2348 522 2382 p.
550 2337 688 2376 ecferri.
767 2339 848 2376 553.
875 2339 979 2375 codd.
1006 2348 1076 2375 om.
1104 2339 1207 2383 quin:
1236 2341 1365 2375 metuit
1389 2339 1558 2384 publicos
1584 2339 1861 2375 mundissimum
1887 2340 1944 2379 sit,

209 2394 279 2428 nisi
306 2395 404 2438 quod
429 2396 468 2433 P.
496 2397 742 2433 mundissimis
767 2402 834 2435 est.
906 2398 986 2434 554.
1013 2397 1121 2434 codd.
1147 2409 1257 2443 puras
1284 2399 1364 2434 sibi.
1414 2398 1557 2433 Deinde
1585 2398 1627 2435 V.
1654 2398 1698 2436 D.
1727 2399 1848 2434 uoltas
1873 2399 1942 2434 dis.

209 2452 288 2490 555.
315 2453 360 2490 V.
386 2455 549 2491 nettitur.
575 2455 620 2492 D.
647 2457 807 2494 neititur.
833 2457 872 2494 P.
898 2457 1071 2501 perditur.
1098 2456 1141 2493 D.
1169 2458 1207 2494 P.
1233 2467 1335 2494 exeo,
1387 2456 1529 2492 Deinde
1554 2457 1598 2493 V.
1625 2457 1805 2501 perditum
1834 2457 1882 2492 sit
1904 2465 1940 2500 p.

209 2521 248 2546 se
274 2511 402 2556 perdit,
427 2513 471 2549 D.
498 2514 678 2558 perditum
704 2514 757 2559 fit,
781 2516 820 2552 P.
846 2515 1011 2559 perditus
1039 2519 1105 2551 est.
1178 2515 1258 2552 556.
1284 2515 1387 2552 codd.
1414 2516 1533 2551 hercle
1559 2515 1727 2560 equidem
1754 2515 1856 2551 illum
1882 2517 1942 2551 ad-

208 2569 335 2606 iutabo
361 2571 420 2615 (D.
448 2572 636 2618 aduitabo)
674 2585 791 2620 neque
828 2583 910 2608 mea
948 2574 1093 2617 quidem
1120 2583 1232 2618 opera
1256 2585 1438 2619 umquam.
1513 2574 1594 2611 557.
1621 2574 1694 2610 hilo
1720 2575 1940 2612 Lambinus:

208 2629 253 2665 V.
280 2629 324 2666 D.
350 2629 453 2665 nihili
491 2632 670 2677 omnibus,
708 2633 747 2669 P.
785 2632 1030 2669 nihilominus.
1093 2632 1234 2670 Deinde
1267 2633 1372 2670 codd.
1400 2643 1507 2668 omm.
1532 2633 1604 2668 cito
1629 2636 1714 2670 tam.
1775 2633 1943 2679 Denique

207 2688 247 2724 P.
275 2689 422 2732 quando
446 2699 481 2733 p.
508 2700 627 2733 quam.
678 2691 757 2726 558.
785 2691 890 2728 codd.
916 2702 998 2726 nam
1025 2691 1095 2726 iam
1121 2702 1156 2736 p.
1182 2702 1266 2726 nam
1283 2713 1325 2717 —
1345 2692 1497 2727 obsonio
1522 2702 1557 2735 p.
1583 2691 1779 2728 obsonatu.
1805 2693 1843 2729 P.
1871 2704 1941 2731 om.

208 2757 290 2783 una.
367 2747 448 2784 559.
476 2748 581 2785 codd.
608 2760 712 2787 emm.
739 2750 833 2787 inde.
905 2750 986 2786 561.
1012 2750 1057 2786 V.
1084 2751 1129 2787 D.
1155 2760 1199 2785 ea
1225 2760 1297 2794 qua
1322 2751 1362 2786 P.
1390 2761 1497 2793 aqua.
1523 2749 1568 2786 cf.
1587 2750 1734 2788 Lachm.
1762 2751 1807 2786 ad
1833 2752 1941 2790 Lucr.

208 2816 242 2849 p.
261 2806 343 2841 379.
369 2806 474 2843 codd.
501 2818 627 2842 omnes
655 2809 754 2844 mari.
829 2808 909 2844 562.
936 2808 1040 2843 codd.
1075 2809 1166 2843 abiit
1191 2808 1395 2853 misereque
1421 2809 1516 2852 perit
1541 2820 1575 2852 p.
1602 2809 1680 2844 abit
1705 2809 1836 2845 misere
1860 2821 1940 2855 pes—

210 2874 289 2898 sum
315 2864 355 2899 it.
405 2864 548 2900 Deinde
574 2865 620 2902 V.
646 2866 690 2903 D.
717 2868 840 2902 omnia
864 2867 1031 2912 gratiam.
1095 2867 1174 2904 563.
1208 2868 1253 2905 V.
1287 2867 1363 2902 Nec
1403 2877 1484 2902 cum
1521 2867 1640 2905 uideo.
1689 2868 1735 2905 D.
1767 2869 1807 2906 P.
1840 2869 1941 2905 Haec

209 2933 290 2956 cum
330 2923 450 2960 uideo.
501 2923 546 2959 V.
583 2924 628 2958 D.
669 2924 698 2958 si
725 2925 812 2962 fieri.
863 2925 1004 2960 Deinde
1041 2926 1087 2963 V.
1114 2926 1158 2962 D.
1195 2929 1282 2970 post
1311 2929 1462 2972 suffuror
1487 2926 1628 2961 addunt
1658 2929 1836 2973 supplicio,
1868 2928 1940 2964 nisi

209 2982 306 3024 quod
331 2982 376 3019 D.
404 2982 570 3018 susfuror
595 2983 640 3020 V.
667 2985 856 3028 sopplicio.
906 2985 947 3021 P.
980 2995 1060 3019 cum
1095 2985 1184 3022 Non.
1223 2996 1258 3030 p.
1292 2986 1337 3020 12
1363 2985 1538 3030 suffuror,
1565 2985 1722 3029 suppilo.
1772 2987 1940 3032 Denique

209 3039 254 3075 V.
281 3040 326 3077 D.
353 3051 459 3077 emm.
484 3041 633 3085 praeda.
700 3043 782 3078 564.
809 3043 928 3080 V.om.
963 3054 1059 3079 esse.
1109 3044 1251 3080 Deinde
1282 3045 1327 3081 V.
1360 3045 1405 3080 D.
1439 3045 1537 3089 quod
1563 3044 1628 3080 des
1654 3045 1839 3081 deuoratis
1865 3056 1939 3081 um-

235 3109 316 3133 nam
344 3099 518 3145 abundat,
546 3101 615 3135 nisi
643 3101 741 3145 quod
768 3102 810 3137 D.
838 3102 1037 3138 habundat·
1065 3103 1105 3137 P.
1141 3104 1239 3148 quod
1265 3104 1340 3147 des,
1366 3104 1530 3149 denerat,
1555 3114 1742 3148 nunquam
1764 3104 1938 3142 abundat.
