2022 3314
202 55 260 98 50
980 49 1163 87 PLAUTI
1582 52 1660 99 (IV,
1686 55 1719 99 3,
1745 53 1871 100 72—4‚
1897 55 1932 101 7)

932 243 1201 288 CAmeLEs.

736 315 887 358 Filium
918 316 1042 358 istinc
1073 320 1186 358 tuom
1217 320 1258 358 tc
1290 317 1455 360 meliust
1486 318 1687 371 repetere.

110 382 179 417 835
205 381 398 424 Ceterum
430 384 613 437 lixorcm,
646 398 770 437 quam
803 386 982 438 primum
1014 390 1164 440 potest,
1202 387 1364 430 ahdi'lce
1396 402 1448 430 cx
1479 388 1664 441 aedibl'ls.

202 452 292 505 Ego
324 452 431 495 adeo
462 454 546 495 iam
576 454 635 496 illi
668 457 876 498 remittam
907 457 1102 499 nuncium
1135 457 1263 500 z'tdfini
1295 458 1406 501 meo:

202 523 351 565 Dicam
384 527 427 566 ut
457 524 586 567 &iliam
616 525 896 568 conditionem
928 527 1012 569 filio
1044 527 1231 570 inveniat
1262 529 1350 571 suo.
1857 522 1932 568 (75)

922 633 1220 675 DINIARCHUS.

201 699 257 741 At
287 713 365 752 ego
398 700 450 741 ab
483 700 562 743 hz'tc
593 714 767 755 puerum
800 703 1032 756 rcpdscam,
1064 716 1117 745 ne
1149 717 1244 744 mox
1277 704 1440 746 inficias
1471 705 1551 746 citt.

203 769 369 824 Nugae!
404 784 502 813 nam
533 772 634 824 ipsa·
659 771 764 814 haec
796 772 916 825 ultro,
951 777 995 815 ut
1026 772 1184 816 frictum
1216 777 1292 826 est,
1332 773 1432 816 fecit
1462 775 1627 817 omnem
1658 789 1743 818 rem
1775 775 1930 829 palam.

108 847 176 882 840
201 839 285 882 Sed
317 841 488 882 nimit'im
521 842 590 895 pol
622 842 856 895 opportt'mc
889 855 1019 897 eapse
1050 857 1193 886 eccam
1225 843 1438 897 egreditur
1470 845 1599 887 fords,

200 909 263 952 Nc
294 909 375 953 ista
409 911 621 955 stimulum
654 911 823 965 longum
857 911 997 966 habet,
1030 926 1138 967 quac
1171 927 1304 967 usquc
1335 915 1450 957 illinc
1481 916 1552 958 coi·
1584 916 1733 970 pungit
1754 917 1901 959 metim.

567 1173 876 1218 PfflzONEsmM.
939 1175 1237 1219 Dmmncnns.
1299 1175 1579 1220 ASTAPHIUM.

913 1301 1222 1344 PnRONEsruM.

197 1380 334 1422 Blitea
366 1383 407 1422 et
437 1380 550 1423 liltea
582 1385 645 1423 cst
676 1382 884 1436 meretrix,
917 1384 996 1426 nisi
1031 1397 1140 1438 quae
1172 1385 1283 1438 sapit
1316 1385 1357 1426 in
1392 1387 1487 1426 vino
1519 1385 1574 1427 ad
1607 1399 1692 1428 rem
1725 1387 1862 1429 suzim:

197 1451 241 1493 Si
274 1451 359 1494 alia
391 1451 577 1494 nic'mbra
610 1451 705 1493 vino
737 1452 950 1506 madeant,
983 1467 1054 1497 cor
1087 1454 1139 1496 sit
1171 1455 1320 1498 sz'tltem
1352 1456 1548 1498 sobrilini.

199 1522 305 1564 Nam
338 1522 438 1564 mihi
471 1521 657 1580 dividiae
688 1526 764 1575 est,
797 1525 1036 1567 tonstricem
1069 1538 1205 1567 meam
1238 1527 1298 1568 sic
1330 1527 1556 1569 mrilcatam
1589 1526 1712 1579 male,

103 1597 174 1634 845
199 1591 308 1643 Quia
339 1592 457 1646 dixit,
490 1606 585 1635 eum
616 1592 835 1636 Diniarchi
868 1607 1042 1648 puerum
1074 1595 1289 1640 inventum
1322 1598 1463 1641 filium.

913 1702 1213 1746 DINIARCHUS.

197 1769 359 1813 Lubido
391 1770 510 1814 adire
541 1774 618 1825 est,
649 1784 775 1825 quam
808 1784 936 1826 penes
969 1772 1033 1815 est
1063 1787 1158 1817 mea
1190 1773 1324 1817 omnis
1357 1772 1424 1818 res
1458 1778 1499 1817 et
1529 1774 1660 1818 liberi.
1879 1770 1932 1812 (5)

910 1879 1219 1922 PHRONESmM.

197 1947 329 1991 Video
361 1949 518 2001 ecciim,
551 1949 621 2002 qui
654 1963 802 1993 amans
834 1951 1011 1993 tutorem
1044 1951 1139 1994 med
1172 1950 1391 2005 adoptavit
1424 1951 1553 1993 bonis.

909 2057 1206 2100 Dmmncnus.

195 2124 356 2178 Mulier,
388 2125 444 2168 ad
476 2130 517 2169 te
548 2140 640 2170 sum
672 2127 894 2181 profectus.

911 2211 1220 2253 PnRoNEsmM.

956 2280 1067 2333 Quid
1099 2283 1252 2336 agittir,
1283 2282 1478 2336 voluptas
1511 2281 1635 2324 meix?

289 2478 368 2515 834.
396 2479 441 2516 V.
459 2479 504 2516 D.
530 2482 606 2514 tum
633 2482 680 2525 te,
707 2481 747 2518 P.
773 2483 860 2519 tute.
935 2478 1015 2516 835.
1041 2479 1087 2517 V.
1126 2490 1288 2526 uxorum,
1315 2480 1358 2517 D.
1386 2479 1546 2515 uxoreim
1573 2489 1645 2523 qua
1669 2477 1834 2523 primum.
1883 2477 1929 2515 V.

194 2541 300 2581 potes
327 2536 435 2581 abdu,
463 2538 507 2575 D.
533 2541 657 2582 potest
680 2538 822 2576 abduci.
890 2539 971 2575 836.
998 2538 1103 2575 codd.
1129 2539 1273 2574 adimeo
1298 2550 1332 2583 p.
1361 2537 1462 2574 affini
1488 2547 1578 2574 meo,
1646 2537 1725 2573 838.
1753 2535 1796 2573 V.
1822 2536 1866 2573 D.
1893 2539 1930 2571 et

194 2607 228 2640 p.
261 2599 330 2633 eat.
392 2597 473 2634 839.
500 2597 605 2635 codd.
633 2597 729 2634 Nihil
755 2601 820 2635 est.
885 2598 1019 2641 Scripsi
1053 2598 1191 2643 Nugae.
1219 2598 1325 2635 codd.
1354 2602 1391 2634 ct
1416 2597 1506 2643 (scil.
1535 2601 1590 2639 cc)
1617 2606 1650 2640 p.
1676 2595 1776 2632 haec.
1826 2594 1870 2631 V.
1886 2595 1929 2632 D.

194 2653 314 2690 factus
339 2667 374 2700 p.
403 2654 541 2691 factum
567 2659 633 2693 cst.
709 2657 790 2694 840.
817 2656 921 2693 codd.
948 2659 1164 2701 opportuna.
1215 2656 1358 2692 Deinde
1385 2666 1496 2700 eapse
1521 2664 1644 2689 eccam
1671 2653 1840 2689 Botbius:
1884 2654 1928 2691 V.

193 2724 278 2749 vcce
304 2713 351 2749 ab
378 2725 418 2750 sc
444 2716 618 2760 gregitur,
656 2717 701 2754 D.
728 2717 766 2753 P.
794 2725 878 2751 cccc
905 2715 950 2750 ab
977 2725 1016 2749 sc
1043 2715 1238 2759 egreditur.
1315 2716 1394 2752 841.
1422 2715 1467 2752 V.
1495 2715 1649 2759 longem,
1676 2713 1720 2750 D.
1745 2711 1784 2749 P.
1811 2713 1928 2758 longe.

193 2772 236 2809 V.
263 2783 323 2808 cor
350 2774 466 2819 pugit.
518 2773 563 2810 D.
588 2784 651 2810 cor
676 2774 783 2819 pugit
809 2773 939 2810 mclim.
967 2773 1005 2810 l'.
1034 2774 1221 2819 compugit.
1246 2784 1302 2808 mc
1327 2785 1361 2818 p.
1390 2784 1451 2808 cor
1476 2773 1611 2818 pungit
1636 2782 1765 2809 mcum.
1848 2772 1852 2774 ’

286 2844 326 2881 I'.
353 2844 590 2880 Phronesium
631 2845 809 2883 meretrix.
859 2844 1065 2880 Dinarchus
1098 2845 1326 2882 adulcsccns.
1378 2845 1604 2889 Ascaphium
1630 2843 1774 2880 ancilla.
1849 2843 1929 2880 842.

192 2904 231 2940 P.
258 2915 326 2940 om.
353 2908 389 2937 ct
414 2904 523 2941 lutea.
573 2903 619 2941 cf.
646 2904 735 2941 Non.
763 2905 820 2948 80,
846 2904 903 2941 25.
953 2903 997 2940 V.
1026 2914 1096 2938 uno
1125 2914 1158 2947 p.
1186 2904 1282 2941 vino,
1334 2903 1413 2939 844.
1440 2902 1600 2937 dividiae
1626 2901 1795 2938 Bothius:
1823 2901 1927 2939 codd.

192 2961 341 2998 diuidia.
393 2962 437 2999 V.
464 2963 507 3000 D.
533 2967 591 2998 cst
615 2964 651 2998 in
678 2963 880 3000 tontriccm.
932 2962 1035 2999 codd.
1063 2973 1206 2998 omnes:
1240 2962 1336 2997 sicut
1362 2962 1510 2996 inuitam
1538 2961 1640 2997 malo.
1716 2961 1796 2999 845.
1822 2960 1927 2998 codd.

192 3031 236 3055 ca
261 3031 294 3063 p.
323 3020 429 3062 Quia.
479 3021 523 3058 D.
550 3021 590 3058 P.
619 3021 801 3058 Dinarchi.
878 3022 957 3059 346.
986 3021 1111 3056 lubido
1149 3021 1248 3056 adirc
1280 3024 1336 3056 est
1360 3020 1530 3055 Pistoris:
1571 3020 1676 3057 codd.
1717 3019 1778 3055 ubi
1805 3019 1842 3054 id
1867 3030 1927 3054 au-

192 3078 294 3115 diuit.
369 3080 448 3117 847.
476 3091 601 3115 amans
627 3083 784 3115 tutorem
811 3080 983 3115 Bothius:
1013 3079 1117 3116 codd.
1146 3082 1406 3114 manstutorcm
1434 3089 1490 3113 me
1515 3068 1719 3123 adoptastis,
1777 3079 1856 3116 848.
1882 3077 1926 3116 D.

192 3137 379 3176 mumilier.
407 3138 453 3174 ad
479 3142 515 3174 tc
541 3149 619 3174 sum
646 3137 835 3184 profectus
861 3138 1068 3175 Acidalius:
1097 3138 1201 3175 codd.
1230 3138 1358 3174 adsum
1383 3137 1596 3184 profectust.
