2022 3314
20 389 90 434 ,615

22 1080 92 1114 620

21 2075 91 2109 630

114 74 169 121 (11.
195 74 226 119 7,
250 73 377 120 64—8,
404 73 462 118 14)
797 73 1166 112 TRUOULENTUS.
1777 83 1834 123 45

787 242 1157 286 STRATOPHANES.

908 314 1013 366 Fac,
1045 313 1157 366 quod
1187 313 1288 356 iussi
1318 313 1455 358 mane.

115 381 295 426 Jamiam
325 386 367 424 te
398 380 564 435 egomet
594 381 661 424 hic
691 382 848 424 offatim
880 382 1110 426 conficiam.
1761 379 1834 423 (65)

902 465 1042 507 GETA.

1181 523 1336 566 Occedi
1367 527 1580 577 optumum
1613 523 1687 566 est.

114 593 263 647 Captio
295 592 376 635 est:
408 591 532 634 istam
563 592 832 635 machaeram
863 593 1113 647 longiorem,
1148 606 1273 646 quam
1304 593 1425 646 hanc,
1458 593 1602 636 habes.

114 663 198 706 Sed
230 663 372 705 verum
404 662 493 705 siue
524 662 622 704 dum
653 677 719 706 me
750 662 910 717 petere,
943 661 1151 716 siquidem
1185 662 1514 716 belligerandum
1543 668 1606 704 est
1636 664 1783 706 10011111.

112 734 229 775 Abeo
261 732 359 774 dum
392 732 470 786 ego
501 737 651 786 tecum,
683 733 874 786 bellator,
907 733 1108 775 arbitrum
1139 732 1318 785 aequom
1351 734 1548 786 ceperim.

114 803 199 846 Sed
230 816 308 856 ego
341 802 460 845 cesso
490 802 587 844 hinc
618 816 684 845 me
716 803 901 856 amoliri,
940 806 1086 846 ventre
1117 802 1215 844 dum
1249 802 1366 845 salvo
1396 802 1505 844 licet.

603 911 913 953 PHRONESIUM.
976 910 1345 952 STRATOPHANES.

819 1004 1128 1046 PHRONESIUM.

261 1073 389 1116 Datin
421 1073 560 1116 soleas
591 1073 716 1127 atque
747 1087 814 1116 me
844 1073 951 1117 intro
983 1074 1167 1117 actutum
1199 1072 1351 1126 ducite,

260 1144 368 1186 Nam
400 1143 501 1185 mihi
533 1142 586 1186 de
616 1143 742 1186 vento
774 1143 954 1186 miserae
985 1144 1198 1187 condoluit
1228 1144 1366 1198 caput.

790 1225 1161 1272 STRATOPHANES.

260 1295 372 1346 Quid
401 1295 501 1338 mihi
532 1295 711 1339 futurum
744 1300 820 1350 est,
853 1296 919 1339 cui
950 1296 1059 1340 duae
1090 1295 1268 1338 ancillae
1300 1293 1456 1348 dolent,

261 1366 421 1416 Quibus
452 1371 493 1409 te
525 1366 699 1410 donzivi:
731 1367 869 1410 iamne
901 1367 1070 1410 abiisti?

820 1451 1128 1493 PHRONESIUM.

1197 1507 1276 1549 Em
1305 1506 1365 1549 sic
1396 1505 1531 1549 datur.

797 1590 1167 1633 STRATOPHANES.

263 1657 354 1711 Quo
385 1661 539 1715 pacto?
571 1660 790 1704 excludis?
822 1673 993 1714 quaeso,
1024 1658 1142 1713 potin
1173 1661 1237 1700 est
1267 1657 1450 1711 planius,
1791 1653 1841 1695 (5)

263 1731 399 1782 Quam
433 1732 627 1775 exclusus
658 1732 769 1774 nunc
800 1731 921 1773 sum?
952 1729 1096 1783 pulcre
1126 1727 1329 1770 ludificor.
1362 1727 1465 1770 sine.

263 1800 476 1851 Quantillo
508 1803 564 1844 mi
597 1803 722 1856 opere
752 1815 863 1844 nunc
893 1799 1141 1854 persuaderi
1171 1798 1323 1852 potest,

261 1872 316 1913 Ut
346 1885 425 1926 ego
456 1871 522 1914 his
553 1872 800 1926 suffringam
830 1872 938 1913 talos
967 1870 1064 1912 totis
1095 1868 1282 1912 aedibus.

261 1942 371 1983 Num
403 1942 630 1996 quidquam
662 1943 815 1985 avaros
846 1945 980 1984 mutat
1010 1940 1146 1982 mores
1179 1939 1429 1982 mulierum?

263 2011 493 2066 Postquam
524 2013 695 2055 filiolum
727 2012 903 2066 peperit,
937 2010 1097 2052 animos
1131 2011 1314 2052 sustulit:
1767 2005 1841 2049 (10)

262 2081 393 2132 Quasi
424 2095 518 2125 cum
548 2082 650 2124 mihi
683 2082 812 2125 dicat:
843 2095 921 2124 nec
951 2085 992 2123 te
1021 2081 1157 2134 iubeo,
1189 2093 1267 2122 nec
1298 2079 1394 2122 veto

261 2152 435 2194 Introire
465 2153 507 2194 in
538 2152 672 2195 aedis.
734 2156 778 2195 at
807 2164 886 2206 ego
917 2150 1030 2193 nolo:
1064 2164 1148 2193 non
1180 2151 1242 2193 eo.

261 2223 352 2276 Ego
384 2222 482 2264 faxo
514 2222 628 2265 dicat
657 2226 725 2265 me
755 2223 798 2264 in
830 2222 978 2264 diebus
1009 2221 1201 2274 pauculis

260 2292 444 2336 Crudum
474 2293 609 2336 virum
642 2292 748 2335 esse.
812 2291 997 2345 Sequere
1028 2304 1095 2333 me
1126 2290 1231 2333 hac:
1262 2289 1438 2333 verbum
1470 2292 1536 2332 sat
1567 2287 1643 2331 est.

210 2489 290 2527 615.
317 2490 423 2528 codd.
448 2491 520 2526 iam
547 2501 616 2535 ego
641 2493 676 2525 te
702 2489 760 2524 hic
783 2488 920 2524 offatim
946 2487 1148 2533 conficiam,
1173 2488 1245 2523 nisi
1270 2486 1367 2531 quod
1391 2486 1436 2523 D.
1453 2486 1493 2522 P.
1512 2485 1660 2521 affatim.
1701 2485 1842 2520 Deinde

114 2549 240 2584 occedi
266 2548 436 2584 Gollerus
463 2549 509 2584 ad
533 2550 632 2586 Trin.
656 2559 691 2585 v.
718 2547 821 2592 1140,
848 2546 907 2591 qui
934 2546 1024 2582 haec
1050 2545 1167 2582 Getae
1191 2546 1336 2581 tribuit:
1362 2545 1406 2582 V.
1424 2545 1469 2582 D.
1495 2544 1639 2589 occidit,
1656 2543 1696 2580 P.
1715 2543 1841 2580 occidi.

114 2608 194 2644 616.
222 2608 327 2645 codd.
352 2607 465 2643 habes
491 2619 600 2652 quam
624 2607 716 2643 haec
746 2610 814 2643 est.
853 2605 990 2649 Scripsi
1022 2615 1129 2650 quam
1161 2604 1255 2639 hanc
1286 2603 1410 2641 habes.
1485 2603 1565 2639 617.
1598 2602 1703 2638 codd.
1735 2612 1841 2639 omm.

114 2676 181 2703 me.
237 2667 317 2703 618.
342 2666 386 2703 V.
413 2666 495 2702 Abo
522 2667 666 2702 domum
692 2675 727 2710 p.
752 2665 857 2701 Abeo
883 2664 980 2708 dum,
1005 2663 1050 2700 D.
1075 2664 1115 2699 P.
1141 2662 1206 2698 Ibo
1224 2663 1381 2699 domum.
1407 2663 1447 2699 P.
1470 2665 1590 2697 10011111
1616 2671 1651 2704 p.
1677 2670 1844 2705 aequom.

113 2725 194 2761 619.
226 2724 270 2761 V.
304 2725 348 2761 D.
380 2726 428 2760 mi
457 2725 541 2760 hinc
573 2734 653 2759 amo
685 2723 755 2758 sire
787 2733 822 2767 p.
863 2722 946 2757 hinc
977 2732 1034 2756 me
1067 2721 1217 2758 amoliri.
1256 2722 1296 2759 P.
1323 2731 1379 2756 1110
1412 2721 1495 2756 111110
1520 2729 1698 2756 amouere.
1736 2719 1841 2755 codd.

113 2792 240 2817 omnes
263 2787 438 2820 uentrem.

209 2839 253 2876 V.
290 2841 334 2878 D.
373 2840 643 2877 MERETRIX.
682 2839 839 2876 MILES.
901 2840 981 2875 620.
1019 2838 1059 2876 P.
1098 2839 1196 2873 Date
1233 2839 1304 2873 iam
1341 2848 1376 2882 p.
1414 2837 1528 2871 Datin
1567 2856 1608 2861 ——
1648 2837 1742 2871 intro
1774 2847 1841 2873 me.

115 2899 196 2934 623.
221 2898 265 2935 V.
291 2899 335 2936 D.
361 2910 416 2935 em
442 2901 471 2935 si
497 2904 635 2936 coatur.
673 2900 847 2933 Extrema
869 2897 1023 2932 Bothius
1049 2897 1174 2932 tiibuit
1199 2896 1411 2932 Phronesio.
1486 2895 1564 2930 624.
1591 2894 1635 2930 V.
1662 2895 1706 2931 D.
1734 2905 1841 2939 quam

115 2967 178 2992 eso
205 2958 328 3001 potius
352 2959 507 3003 planius,
533 2959 602 2993 nisi
628 2957 727 3001 quod
752 2957 795 2993 D.
822 2957 945 3000 pitius,
983 2956 1022 2993 Ρ.
1057 2965 1193 3000 quaeso
1225 2955 1337 2998 pitius
1368 2954 1524 2998 planius,
1598 2953 1679 2990 626.
1704 2953 1744 2989 P.
1771 2963 1841 2990 om.

115 3016 175 3052 mi.
248 3016 329 3052 627.
357 3016 413 3051 his
438 3016 611 3052 Bothius:
638 3015 744 3051 codd.
775 3013 886 3051 hisce.
960 3015 1040 3051 628.
1076 3013 1181 3050 codd.
1214 3013 1399 3057 quidpiam
1436 3022 1583 3046 auarum
1617 3014 1657 3045 ut
1688 3016 1736 3056 at,
1771 3012 1842 3046 nisi

116 3074 215 3117 quod
239 3074 284 3111 D.
309 3074 349 3111 P.
375 3078 415 3109 ut
439 3075 496 3112 ad.
571 3075 650 3112 629.
683 3074 727 3110 V.
760 3072 804 3109 D.
829 3071 984 3107 filiorum
1014 3073 1054 3109 P.
1087 3071 1211 3108 filium.
1285 3072 1364 3108 630.
1397 3070 1501 3106 codd.
1534 3070 1637 3105 Nunc
1670 3070 1774 3114 quasi
1808 3081 1841 3114 p.

116 3133 220 3176 quasi
253 3143 334 3168 cum
367 3154 409 3158 —
442 3144 559 3178 neque
591 3133 674 3168 volo
700 3143 735 3176 p.
767 3141 834 3166 nec
859 3134 953 3168 veto.
1027 3131 1107 3166 632.
1133 3130 1177 3166 D.
1204 3130 1332 3165 edibus
1356 3140 1390 3173 p.
1416 3129 1556 3166 diebus.
