2022 3314
224 50 281 92 70
491 37 497 43 “
798 56 978 94 PLAUTI
1004 59 1374 106 TRUGULENTUS.
1712 78 1771 125 (v,
1798 81 1950 128 68—75)

929 251 1239 301 PHRONEsmM.

217 308 282 351 Tu
316 310 488 355 dedisti:
522 313 590 356 hic
621 316 705 359 iam
737 318 946 364 datumst:
978 323 1085 367 istuc
1117 326 1264 383 habeo,
1299 331 1377 374 hoe
1408 337 1571 388 expeto.

216 378 367 422 Verum
402 385 564 437 utrique
594 400 684 429 mos
717 390 888 441 geratur
919 394 1136 438 amborum
1169 398 1221 440 cx
1253 404 1472 447 sententia.

898 474 1268 524 STRATOPHANES.

118 540 188 575 950
213 532 323 575 Fiat:
357 535 402 576 ut
432 549 519 579 rem
550 544 724 592 gnatam
754 542 891 593 video,
923 545 1001 588 hoc
1033 549 1328 602 accipiundum
1360 561 1436 610 est,
1468 560 1579 611 quod
1611 561 1745 608 datur.
1870 563 1945 610 (70)

963 628 1188 677 STRABAX.

207 684 346 728 Meum
378 688 547 741 quidem
579 695 620 734 te
650 693 803 738 lectum
836 697 948 740 ccrte
979 713 1057 754 ego
1090 704 1297 758 occupz'ue
1328 720 1411 750 non
1444 710 1591 754 sinzim.

921 781 1231 829 PHRONESIUM.

206 837 366 892 Lepide
397 843 561 886 ecastor
592 848 804 901 aucupavi
836 854 962 904 atque
995 865 1045 894 ex
1079 855 1174 897 mezi
1205 861 1430 914 sententia,

204 908 426 964 Meamque
459 918 502 956 ut
531 915 618 957 rem
651 917 770 960 decet
801 919 906 962 benc
937 922 1114 977 gestam,
1149 932 1332 971 vostram
1364 931 1506 976 rursus
1540 935 1645 978 bene
1675 941 1831 992 gei-iun.

203 979 437 1024 Remeabo:
473 985 507 1026 si
542 989 713 1040 uterque
745 990 975 1034 animatust
1006 994 1148 1037 facere
1181 996 1272 1051 hoc,
1307 999 1435 1044 fricitc
1467 1004 1524 1046 uti
1558 1007 1702 1051 sciz'un.

106 1052 177 1089 955
204 1048 377 1095 Veneris
410 1055 563 1098 caussa¹
596 1057 862 1111 adplaudite:
897 1061 986 1105 e'ius
1019 1063 1124 1108 haee
1154 1067 1197 1110 in
1229 1069 1361 1113 tutela
1391 1077 1454 1116 est
1486 1073 1645 1120 fabula.
1866 1074 1940 1123 (75)

293 1250 373 1288 948.
400 1252 507 1290 codd.
534 1264 640 1291 omm.
669 1255 737 1293 hie.
765 1257 802 1291 P.
830 1257 979 1295 daturus
1005 1271 1044 1297 es
1070 1273 1103 1307 p.
1130 1268 1196 1302 est..
1288 1267 1367 1305 950.
1395 1270 1433 1306 P.
1461 1275 1612 1317 gratam.
1662 1275 1705 1311 V.
1732 1277 1774 1315 D.
1803 1289 1875 1324 quo
1902 1292 1937 1326 p.

197 1307 305 1352 quod.
381 1311 461 1346 951.
489 1312 594 1350 codd.
621 1326 726 1350 olum.
754 1327 834 1360 ego.
885 1318 1030 1355 Deinde
1055 1322 1159 1360 codd.
1188 1334 1312 1362 omnes
1338 1329 1463 1367 sinem.
1551 1333 1630 1369 952.
1659 1340 1801 1372 ecastor
1827 1350 1936 1375 aucu-

194 1367 281 1411 pavi
308 1371 418 1413 atque
443 1370 533 1405 Non.
560 1383 594 1416 p.
620 1373 701 1418 467,
731 1374 789 1408 11:
822 1376 928 1413 codd.
955 1383 1136 1417 mecastor
1161 1386 1451 1431 aucupabamue.
1550 1392 1630 1429 953.
1656 1393 1702 1429 D.
1732 1395 1772 1431 P.
1803 1397 1934 1442 Aeque

193 1436 228 1470 p.
254 1427 455 1472 Mcamque.
482 1429 525 1467 V.
553 1430 596 1467 D.
637 1431 771 1468 debere
811 1445 856 1470 ne
895 1441 1049 1482 gestam,
1091 1439 1130 1476 P.
1170 1442 1262 1479 bene
1300 1450 1450 1490 gestam.
1503 1450 1656 1495 Scripsi:
1697 1453 1804 1490 decet
1840 1455 1934 1492 bene

192 1489 347 1530 gestam.
401 1488 442 1525 V.
470 1500 584 1534 rursu,
623 1491 667 1527 D.
695 1491 733 1528 P.
761 1503 912 1532 rursum.
989 1496 1068 1535 954.
1096 1500 1139 1536 V.
1165 1500 1210 1538 D.
1238 1502 1404 1540 Romabo
1430 1506 1469 1543 P.
1498 1507 1651 1546 Amabo.
1704 1510 1840 1558 Scripsi
1880 1526 1932 1552 rc—

191 1544 332 1582 meabO.
382 1546 524 1583 Deinde
550 1548 589 1585 P.
617 1549 720 1593 sieut,
747 1551 790 1588 V.
817 1552 861 1588 D.
888 1553 1021 1598 siquid.
1071 1556 1206 1604 Scripsi
1233 1562 1263 1596 si
1290 1567 1454 1607 uterque..
1486 1566 1654 1612 Denique
1680 1571 1784 1609 codd.
1812 1573 1930 1610 facere

190 1601 319 1638 faciam
358 1608 398 1640 ut
437 1606 560 1644 sciam.
611 1607 746 1653 Scripsi
786 1609 906 1648 facere
931 1612 1000 1649 hoe
1026 1614 1135 1652 facite
1160 1619 1214 1653 uti
1240 1620 1362 1659 sciam.
1437 1624 1517 1662 955.
1545 1626 1587 1664 V.
1616 1627 1758 1667 Ueneri.
1787 1653 1829 1657 ——
1855 1634 1930 1669 Ad—

189 1662 281 1697 dunt
305 1662 463 1708 denique
490 1666 595 1704 codd.
623 1677 749 1703 omnes
775 1679 936 1706 versum:
965 1674 1190 1722 Spectatores,
1217 1680 1296 1714 bene
1323 1683 1443 1718 valete:
1462 1686 1617 1730 plaudite
1641 1694 1742 1733 aeque
1767 1695 1928 1739 eaeuryz'te,

189 1720 250 1765 qui
278 1721 362 1757 mihi
389 1724 535 1768 quidem
561 1726 706 1770 spurius
732 1727 886 1766 videtur.

282 1865 450 1902 Ceterum
484 1868 700 1914 corrigenda
733 1874 769 1907 et
797 1872 970 1911 addenda
1001 1887 1082 1913 esse
1118 1879 1226 1915 video
1260 1881 1390 1918 hacce:
1429 1896 1464 1930 p.
1497 1887 1518 1921 9
1546 1887 1565 1921 l.
1599 1890 1826 1932 paenultima
1851 1894 1923 1932 del.

185 1923 307 1959 multis
335 1924 553 1971 hominibus,
594 1927 616 1964 l.
657 1929 781 1966 ultima
815 1932 909 1968 adde
934 1934 974 1971 P.
1002 1937 1172 1973 omnibus
1204 1951 1237 1983 p.
1265 1940 1484 1978 hominibus.
1511 1956 1546 1989 p.
1576 1946 1618 1981 19
1645 1948 1825 1987 adnotatt.
1853 1953 1874 1988 l.
1901 1955 1922 1988 6

184 1981 230 2016 ad
256 1983 338 2018 218.
364 1985 518 2021 amicust
536 1986 581 2024 A.
608 1987 727 2025 adde:
754 1992 867 2028 ceteri
894 1994 1034 2031 amicus
1060 2000 1126 2034 cst.
1151 2008 1186 2042 p.
1206 2000 1252 2034 30
1277 2000 1406 2037 adnuit
1445 2003 1466 2040 l.
1495 2005 1514 2037 ’ὠ
1543 2016 1608 2041 scr.
1628 2016 1708 2043 meo
1736 2019 1776 2044 es
1799 2021 1835 2055 p.
1854 2015 1919 2049 est.
