2022 3314
117 62 176 111 (V,
202 65 355 112 18-26)
794 67 1153 109 TRUOULENTUS.
1782 75 1837 130 (35

827 258 1132 306 PHRONEsmM.

117 341 244 394 Cedo,
278 342 530 395 quamquam
561 355 708 395 parum
741 348 815 386 est.
859 401 861 404 ι

793 445 1162 495 STRATOPHANES.

873 534 994 576 Dabo
1026 537 1183 578 minam
1214 535 1351 580 adhue
1382 538 1475 581 istie
1506 538 1665 593 pbstea.

826 634 1134 683 PHRONEsmM.

1583 740 1735 786 Parum
1767 742 1840 787 est.

794 836 1162 883 STRATOPHANES.

112 923 203 967 Tuo
237 921 453 977 arbitratu,
485 922 596 977 qued
627 923 801 978 iubebis,
836 925 1020 968 dabitur:
1056 926 1112 968 da
1143 939 1253 968 nune
1284 925 1458 969 savium.

825 1027 1131 1072 PHRONEsmM.

20 1121 89 1157 900
114 1114 230 1157 Mitte
261 1127 339 1168 me,
372 1116 555 1169 inquam,
588 1113 770 1158 odiosus.

792 1216 1160 1261 STRATOPHANES.

841 1305 957 1348 Nihil
988 1306 1052 1349 fit:
1090 1319 1173 1348 non
1205 1304 1333 1348 amer.
1394 1305 1540 1350 teritur
1570 1304 1674 1351 dies.
1768 1304 1841 1350 (20)

111 1374 212 1419 Plus
244 1374 389 1418 decem
420 1375 561 1430 pondo
592 1375 682 1419 auri
714 1374 855 1418 amere
885 1376 964 1419 hee
995 1376 1273 1431 pauxillisper
1304 1375 1482 1429 perdidi.

822 1476 1127 1526 PHRONESIUM.

110 1565 267 1620 Accipe
299 1565 377 1608 hee
409 1570 535 1620 atque
567 1564 731 1609 auferto
763 1567 883 1609 intro.

867 1668 1087 1712 STRABAX.

938 1756 1018 1800 Ubi
1049 1769 1143 1799 mea
1173 1755 1311 1798 amlea
1342 1759 1406 1798 est
1436 1754 1651 1809 gentium?

112 1827 257 1880 Neque
288 1828 387 1880 ruri,
420 1839 555 1879 neque
587 1825 655 1867 hie
686 1826 825 1879 operis
857 1827 1080 1880 quiequam
1113 1825 1245 1868 facte:
1280 1824 1523 1880 cerrumpor
1552 1826 1645 1869 situ.

112 1898 175 1939 Ita
205 1897 331 1939 miser
362 1896 554 1939 cubando
586 1897 628 1938 in
660 1895 769 1938 lecto
799 1895 867 1937 hie
899 1896 1183 1949 exspectando
1214 1895 1405 1939 obdurui.

18 1973 87 2008 905
113 1966 197 2010 Sed
229 1980 371 2009 eeeam
402 1967 538 2010 video.
599 1966 728 2019 Heus,
761 1964 887 2008 heus!
921 1967 1073 2021 amica,
1105 1967 1206 2020 quid
1236 1966 1359 2021 agis?

792 2068 1162 2114 STRATOPHANES.

1189 2154 1316 2209 Mala,
1348 2155 1441 2209 quis
1471 2154 1564 2199 heic
1594 2154 1718 2197 hemo
1748 2154 1841 2198 est?

824 2256 1130 2301 PHRONESIUM.

110 2345 244 2397 Quem
276 2359 355 2398 ego
386 2344 551 2389 ecastor
581 2344 717 2399 magis
749 2345 858 2399 ame,
891 2358 1017 2398 quam
1048 2348 1142 2388 tete.

788 2447 1156 2492 STRATOPHANES.

1181 2531 1318 2584 Quam
1348 2532 1444 2577 me‘?
1474 2532 1711 2587 quomode?
1763 2527 1835 2572 (26)

204 2734 285 2772 898.
311 2731 357 2771 V.
383 2732 428 2771 D.
452 2730 499 2769 ad
536 2741 665 2768 omnae
702 2730 916 2767 manueistic
940 2734 1056 2776 poste,
1094 2730 1165 2766 nisi
1206 2729 1304 2775 quod
1342 2730 1388 2768 D.
1416 2740 1531 2768 omne.
1556 2730 1596 2767 P.
1645 2728 1706 2763 Ad
1730 2738 1834 2763 omne

112 2803 241 2829 munus
266 2793 348 2828 istie
373 2795 492 2838 poste.
541 2790 586 2828 V.
611 2791 657 2828 D.
683 2792 764 2827 Phr.
790 2790 931 2825 Parust.
982 2789 1061 2823 899.
1087 2788 1233 2824 dabitur
1250 2787 1437 2825 Gellerus:
1463 2789 1508 2827 V.
1534 2786 1713 2831 adabitur,
1732 2786 1775 2823 D.
1794 2786 1833 2824 Ρ,

112 2851 318 2889 addabitur.
383 2851 463 2888 901.
488 2849 533 2886 V.
559 2848 604 2886 D.
629 2849 749 2893 pondo
775 2848 883 2883 moris
908 2847 1128 2892 pausssHper,
1163 2847 1204 2884 P.
1229 2847 1351 2891 pondo
1388 2848 1498 2884 moris
1534 2844 1694 2893 pauxilli.
1742 2844 1832 2880 Non.

112 2911 191 2956 155,
219 2911 264 2945 33
289 2909 410 2954 pondo
437 2908 570 2945 amoris
594 2908 839 2952 pauxillisper.
891 2904 1025 2949 Scripsi
1053 2905 1175 2950 pondo
1202 2905 1279 2940 auri
1306 2915 1425 2942 amore
1448 2906 1528 2943 hoc.
1601 2904 1681 2940 902.
1707 2902 1746 2939 P.
1773 2913 1833 2937 au-

110 2970 199 3005 fere.
249 2969 294 3005 V.
318 2967 363 3004 D.
401 2978 458 3003 me
482 2978 516 3012 p.
542 2976 622 3001 mea
649 2987 691 2992 -
718 2966 887 3008 centium,
927 2964 967 3000 P.
992 2967 1140 3001 eertum.
1214 2963 1294 3001 905.
1320 2964 1366 3002 V.
1392 2965 1437 3002 D.
1462 2964 1552 2999 heus
1593 2960 1753 3005 amicam,
1794 2960 1833 2997 P.

109 3028 201 3063 heus
226 3027 351 3062 amica.
401 3025 591 3061 Geminavi
627 3023 727 3060 heus.
778 3022 917 3057 Deinde
944 3021 989 3058 V.
1014 3021 1058 3059 D.
1101 3022 1198 3056 mille
1236 3022 1318 3067 quis
1343 3023 1416 3059 illie
1440 3022 1545 3058 homo
1571 3022 1636 3057 est.
1698 3018 1738 3055 P.
1764 3028 1833 3054 om.

0 3122 3 3138 k
110 3085 217 3123 mille.
264 3084 417 3129 Scripsi:
454 3084 549 3120 mala
586 3082 666 3127 quis
703 3081 782 3116 heio
819 3080 926 3116 homo
958 3082 1024 3114 est.
1098 3079 1177 3116 906.
1203 3080 1242 3116 P.
1269 3091 1384 3127 mage,
1420 3080 1467 3118 V.
1492 3078 1536 3119 D.
1563 3088 1644 3125 age.
1693 3076 1832 3114 Deinde

0 3144 5 3198 ’ς
111 3143 219 3180 codd.
246 3153 371 3180 omnes
397 3146 434 3178 te
460 3153 494 3187 p.
519 3144 602 3178 tete.

0 3211 3 3232 ²
1550 3201 1572 3236 5

0 3270 4 3304 5
