2022 3314
110 71 168 116 (II,
195 72 227 115 7,
255 72 423 116 39—50.)
784 76 1146 115 TRUCULENTUS.
1773 86 1829 126 43

898 270 1036 311 GETA.

1133 339 1241 390 Quin
1272 341 1454 394 perbene

18 412 87 448 590
111 405 218 447 Novi
250 405 459 448 hominem
491 405 628 447 nihili:
669 405 753 447 illic
785 408 943 459 quaeso
976 412 1068 450 est?
1762 407 1833 450 (40)

815 500 1125 543 PHRONEsmM.

1139 571 1243 613 Illic.

901 676 1040 718 GETA.

1311 747 1378 789 Me
1408 749 1590 790 intuetur
1620 749 1804 801 gemens.

338 815 485 856 Traxit
516 815 567 856 ex
598 815 742 856 intimo
774 819 920 858 ventre
951 817 1188 870 siispirii'mi.

336 885 425 926 Hoc
456 884 570 937 vide,
604 886 648 926 iit
679 885 873 929 dentibi'is
904 886 1077 928 frendit:
1119 886 1191 928 icit
1221 885 1367 928 femi'uu

336 954 447 996 Num
480 955 652 997 obsecro
683 970 781 997 nam
816 957 1008 1010 arioldst,
1049 957 1119 1010 qui
1150 957 1269 1010 ipsus
1302 956 1348 999 se
1378 957 1602 1000 verberat?

792 1061 1162 1105 STRATOPHANES.

109 1130 227 1171 Nunc
249 1143 327 1183 ego
352 1131 467 1173 meos
490 1131 651 1174 animos
669 1132 875 1175 violentos
898 1146 1118 1186 meamque
1140 1133 1224 1175 iam
1246 1134 1351 1175 iram
1374 1147 1426 1181 ex
1448 1138 1616 1188 pectore
1634 1135 1833 1187 premam.

16 1204 85 1239 595
110 1201 321 1252 Loquere:
356 1201 466 1243 unde
498 1201 574 1243 es?
607 1202 756 1255 quoius
789 1204 866 1245 es‘?
897 1218 969 1246 cur
1001 1204 1142 1246 aiisu’s
1173 1204 1276 1246 mihi
1306 1204 1576 1247 inclementer
1607 1204 1778 1246 dicere?

899 1310 1039 1353 GETA.

108 1375 270 1419 Lubido
302 1380 377 1419 est.
1764 1373 1838 1418 (45)

785 1461 1156 1505 STRATOPHANES.

434 1530 604 1573 b'ti'icine
636 1531 737 1573 mihi
769 1533 1025 1586 respensas‘?

904 1639 1042 1682 GETA.

1080 1709 1188 1751 Hoc:
1227 1723 1310 1751 non
1342 1709 1421 1762 ego
1452 1712 1492 1751 te
1524 1707 1766 1751 floccifacio.

791 1814 1162 1857 STRATOPHANES.

113 1881 223 1932 Quid
255 1885 330 1925 t‘u'?
370 1885 442 1927 cl'll·
473 1898 579 1927 ausa
610 1898 655 1927 es
686 1885 814 1927 alisim
844 1889 885 1927 te
917 1884 1054 1926 dicere
1084 1884 1294 1928 heminem
1326 1886 1500 1928 amare?

821 1991 1129 2032 PHRONEsmM.

1553 2060 1746 2102 Li'ibitum
1765 2062 1839 2100 est.

789 2138 1160 2186 STRATOPHANES.

111 2213 190 2254 Ain
221 2212 422 2255 tandem?
453 2215 559 2255 istuc
591 2215 770 2267 primum
802 2214 1008 2267 experiar.
1071 2213 1166 2255 Tun
1197 2214 1313 2267 petili
1346 2213 1444 2255 doni
1476 2214 1642 2265 emissa,

111 2282 282 2325 Olerum
314 2287 441 2336 atque
473 2283 662 2325 escarum
696 2288 735 2325 et
764 2284 1000 2337 poscinum,
1034 2283 1251 2325 moechum
1284 2283 1512 2336 mifiricum,
1544 2282 1838 2333 cincinnzituni,

19 2359 88 2393 600
115 2354 457 2406 Umbraticolam‚
480 2354 851 2407 tynipanotribam,
874 2353 1083 2395 hominem
1101 2354 1220 2396 anuis
1238 2367 1319 2395 non
1338 2355 1491 2396 nauci‘?
1765 2346 1838 2391 (50)

206 2551 286 2588 590.
313 2551 358 2588 V.
384 2549 429 2587 D.
456 2550 544 2585 nihil
569 2550 644 2585 illic
670 2561 740 2595 que
766 2554 834 2588 est.
860 2550 934 2585 illic
960 2554 1027 2588 est.
1054 2551 1093 2588 P.
1118 2551 1220 2585 nihili
1246 2551 1304 2586 hic
1339 2560 1410 2595 que
1443 2553 1500 2585 est
1533 2551 1615 2587 illic.
1689 2550 1769 2586 591.
1795 2548 1840 2586 V.

112 2619 324 2654 suspenSUS,
350 2608 394 2646 D.
421 2619 650 2653 suspensum.
735 2610 815 2646 592.
842 2609 946 2647 codd.
975 2620 1081 2646 omni.
1107 2613 1158 2646 ut.
1185 2608 1229 2646 cf.
1255 2610 1347 2646 Non.
1376 2610 1462 2653 123,
1487 2610 1544 2646 32.
1629 2609 1708 2644 593.
1735 2606 1840 2644 codd.

112 2668 254 2704 ariolus,
329 2668 410 2704 594.
436 2668 482 2704 V.
507 2668 700 2705 uiolentus,
749 2668 907 2704 Deinde:
946 2670 1019 2704 iam
1044 2669 1132 2703 iram
1158 2678 1202 2703 ex
1233 2671 1380 2711 pectore
1412 2667 1581 2703 Bothius:
1615 2667 1719 2703 codd.
1752 2666 1840 2700 iram

112 2737 158 2761 ex
187 2730 336 2770 pectore
366 2727 454 2770 iam,
484 2726 555 2760 nisi
586 2726 684 2770 quod
713 2726 758 2763 D.
791 2737 836 2761 ex
866 2730 992 2771 pector
1023 2727 1144 2763 etiam.
1229 2726 1310 2763 595.
1343 2726 1387 2762 D.
1414 2727 1511 2761 unde
1536 2730 1604 2763 est.
1653 2726 1698 2762 D.
1727 2725 1764 2761 P.
1790 2724 1842 2758 in-

113 2785 310 2820 clementer
333 2784 431 2821 mihi.
505 2784 584 2821 596.
612 2784 715 2822 codd.
742 2786 836 2821 istuc
860 2796 927 2820 1166
945 2785 1030 2820 1111111
1048 2784 1245 2829 responsis,
1282 2784 1327 2821 D.
1347 2794 1415 2822 om.
1433 2788 1482 2822 te.
1555 2786 1634 2820 597.
1661 2782 1842 2817 hominem

113 2853 234 2878 amare
258 2843 425 2878 Bothius:
452 2844 497 2880 V.
525 2853 682 2878 amarem
707 2843 863 2888 homine,
889 2844 934 2880 D.
959 2845 1000 2881 P.
1025 2853 1145 2879 amare
1170 2842 1363 2880 hominem.
1435 2843 1515 2879 598.
1543 2842 1588 2879 V.
1613 2845 1689 2876 tum
1707 2839 1840 2885 pertilli

113 2902 157 2938 D.
190 2905 267 2935 tum
298 2905 387 2946 pent
419 2902 482 2940 illi.
520 2903 560 2939 P.
594 2903 676 2936 Tun
709 2901 852 2938 tantilli.
891 2901 1027 2946 Scripsi
1058 2903 1170 2947 petili.
1209 2899 1253 2937 ef.
1286 2901 1379 2939 Non.
1411 2913 1445 2946 p.
1477 2901 1555 2937 149.
1593 2899 1734 2934 Ritsclil
1758 2899 1838 2935 Par.

113 2971 148 3004 p.
167 2960 246 2996 172.
319 2961 400 2998 599.
426 2961 471 2998 V.
498 2963 631 2995 metum
657 2960 702 2996 D.
728 2970 869 2995 mecum
888 2971 922 3004 p.
940 2960 1137 2996 moechum.
1211 2960 1291 2997 600.
1318 2960 1422 2997 codd.
1446 2958 1723 2994 umbraticolum
1748 2957 1838 3001 lym-

112 3018 378 3063 phanotribam.
426 3019 568 3054 Deinde
593 3018 772 3053 hominem
799 3029 900 3052 amas
925 3019 1096 3055 Bothius:
1124 3017 1230 3054 codd.
1256 3028 1379 3052 omnes
1411 3028 1492 3052 cum
1518 3017 1628 3051 Prisc.
1655 3016 1682 3050 I.
1708 3026 1742 3059 p.
1769 3015 1840 3050 204

114 3076 171 3113 ed.
196 3077 307 3111 Hertz
333 3079 371 3111 et
396 3076 494 3114 Fest.
522 3078 601 3114 166.
627 3077 657 3111 Β
683 3088 783 3112 amas
809 3077 1000 3114 hominem.
1026 3077 1066 3111 P.
1093 3086 1161 3112 om.
1180 3086 1263 3114 non.
1290 3076 1432 3112 Deinde
1450 3076 1494 3112 V.
1513 3075 1556 3112 D.
1582 3084 1674 3120 quae
1701 3073 1839 3110 hercles

113 3135 154 3173 P.
180 3144 272 3179 quac
298 3134 418 3171 hercle
445 3145 495 3172 es,
