2022 3314
182 35 236 77 16
1010 35 1192 72 PLAUTI
1623 44 1665 89 (Ι,
1690 46 1722 90 2,
1751 47 1903 91 ἰι-86)

82 160 150 196 175
179 152 300 193 Certe
331 150 471 193 hercle
510 153 635 204 quam
669 157 929 197 veterruml'is
961 156 1117 200 homini
1149 162 1361 212 optuml'lst
1393 161 1563 205 amicus.

176 222 268 262 Non
296 219 435 262 hercle
467 222 639 264 occidua
675 228 772 265 sunt
803 224 903 266 mihi
936 239 1098 269 mecum
1131 228 1256 271 etiam
1288 230 1403 272 fiunti
1435 236 1475 273 ct
1507 233 1636 277 aedis.

895 296 1174 340 ASTAPHIUM.

173 359 270 411 Cur,
304 360 489 413 obsecro,
522 361 621 414 crgo
654 368 750 405 ante
784 366 933 407 ostiam
964 379 1040 419 pro
1072 367 1214 419 ignoto
1247 370 1467 424 alienoque
1499 376 1645 416 astas?

172 430 191 471 Ι
223 429 348 471 intro:
384 429 497 472 haud
529 431 692 474 alienus
725 437 767 474 tu
801 434 969 486 quidem
1002 437 1060 489 (²8,
1094 452 1190 479 nani
1223 444 1387 482 ecastor
1419 443 1624 486 neminem
1659 446 1783 488 hodie
1830 443 1902 487 (74)

169 499 294 553 Mage
315 504 430 541 amat
460 500 584 542 corde
603 502 728 554 atquc
753 504 892 546 animo
915 506 1004 558 suo,
1033 507 1240 559 siquidem
1265 509 1394 553 habes
1424 512 1596 556 fiindum
1621 519 1746 569 atque
1769 518 1899 561 aedis.

894 575 1192 619 Dmmzcnus.

75 631 144 668 180
170 639 217 680 In
251 639 373 681 melle
405 640 500 681 ssmt
531 640 702 694 linguae
734 643 839 685 sitae
871 649 1039 687 vostrae
1071 650 1197 700 atque
1229 648 1455 704 orationes,

169 709 303 750 Facta
334 713 461 763 atque
491 709 619 752 corda
649 712 690 752 iu
723 712 821 754 felle
852 714 948 755 Sl'mt
980 714 1061 757 sita
1093 721 1221 770 atquc
1253 719 1404 763 acerbo
1436 728 1566 766 aceto.

166 778 227 820 Eo
258 778 372 821 dicta
403 779 549 832 lingua
580 779 720 823 dulcia
752 781 876 836 datis,
909 783 1036 826 corde
1068 786 1215 828 amara
1247 787 1396 832 facitis.

860 853 1141 896 ASTAPHIUM.

163 918 206 960 Si
240 919 398 961 amanti
431 920 513 962 non
546 924 621 974 est,
654 921 767 974 quod
799 921 928 976 dabit,
962 938 1045 967 non
1077 924 1204 968 didici
1239 928 1542 985 philosophari.

874 994 1173 1037 DINIARCIIUS.

161 1059 252 1101 Non
286 1059 416 1101 istaec
447 1060 543 1102 moa
575 1061 810 1115 benignitas
844 1063 983 1107 docuit
1012 1069 1055 1108 tc
1085 1065 1277 1120 fabulari,
1822 1075 1896 1119 (80)

68 1128 136 1164 185
162 1128 246 1171 Sed
279 1129 361 1182 isti,
395 1130 465 1183 qui
498 1132 591 1173 crim
623 1133 759 1185 geniis
791 1135 878 1176 suis
913 1135 1177 1189 belligerant,
1210 1140 1476 1194 parcipromi.

160 1199 274 1241 Mala
305 1214 350 1242 es
383 1205 508 1254 atque
541 1201 705 1255 eadem,
737 1217 847 1256 quae
879 1205 1004 1258 soles,
1036 1206 1259 1251 inlecebra.

887 1274 1168 1320 ASTAPHIUM.

1294 1351 1348 1394 Ut
1379 1356 1647 1407 exspectatus

157 1410 340 1463 Peregre
371 1410 594 1465 advenisti,
628 1426 725 1455 nam
758 1415 915 1469 oppido
948 1417 1146 1470 cupiebat
1176 1422 1216 1461 tc
1248 1420 1322 1463 era
1352 1422 1507 1467 videre.

876 1487 1175 1529 D1N1ARclms.

157 1550 237 1602 Qui
268 1550 472 1595 tandem?

882 1625 1163 1670 ASTAPHIUM.

511 1694 572 1736 Te
603 1694 730 1738 linum
761 1709 815 1738 ex
846 1696 1037 1739 omnibns
1069 1703 1197 1742 amat.
1233 1749 1238 1755 ³

873 1766 1173 1812 DINIARCHUS.

1313 1839 1445 1892 Euge,
1479 1839 1596 1882 fl'lndi
1626 1845 1668 1883 et
1699 1840 1840 1894 aedes,

152 1905 233 1947 Per
263 1909 429 1959 tempus
460 1905 724 1949 sstbvenistis.
787 1906 872 1949 Sed
905 1907 1005 1961 quid
1037 1909 1115 1963 ais,
1148 1909 1433 1964 Astaphium?

880 1977 1164 2023 ASTAPHIUM.

1487 2049 1596 2100 Quid
1628 2050 1723 2093 vis?
1815 2047 1889 2089 (85)

873 2119 1170 2161 DINIARCHL'S·

58 2178 126 2216 190
152 2186 281 2228 Estne
312 2186 422 2229 intus
455 2187 565 2230 m'mc
596 2187 900 2231 Phronesil'lm‘?

879 2260 1160 2302 ASTAPHIUM.

951 2330 1007 2372 Ut
1037 2334 1081 2372 ut
1113 2331 1221 2385 aliis,
1254 2331 1328 2375 tibi
1360 2330 1529 2385 quidem
1561 2324 1686 2374 intus.

248 2465 325 2499 175.
355 2464 395 2499 V.
412 2464 457 2500 D.
483 2465 656 2500 amomini
675 2467 835 2510 optimus
856 2467 1006 2505 amicus.
1027 2468 1065 2504 P.
1087 2469 1226 2504 amicae
1245 2469 1405 2513 optimus
1423 2472 1481 2503 est
1499 2469 1647 2504 amicae.
1683 2470 1759 2504 176.
1779 2469 1822 2504 V.
1843 2469 1886 2504 D.

150 2522 377 2559 occidesunt.
397 2524 436 2558 P.
465 2523 688 2559 occiderunt.
711 2525 816 2560 codd.
843 2537 970 2561 omncs
989 2539 1093 2563 onnn.
1115 2538 1269 2564 mecum.
1296 2528 1374 2563 180.
1402 2527 1446 2562 V.
1465 2528 1592 2563 melios
1611 2539 1645 2572 p.
1664 2527 1770 2562 melle
1789 2531 1886 2572 sunt,

149 2581 191 2616 D.
219 2580 336 2615 modic
363 2592 396 2625 p.
425 2583 540 2627 melle,
568 2584 606 2618 P.
633 2583 764 2618 medio.
817 2585 895 2619 181.
921 2585 1037 2621 Facta
1063 2591 1174 2631 atquc
1200 2587 1263 2632 A.3
1296 2586 1341 2622 V.
1375 2586 1448 2621 Fac
1479 2590 1589 2630 atque.
1615 2587 1658 2621 D.
1693 2589 1886 2631 micatque,

151 2640 249 2683 quod
276 2651 346 2675 om.
373 2640 413 2676 P.
439 2640 581 2675 Deinde
607 2641 652 2677 A.
680 2642 716 2677 in
738 2641 833 2677 fellis
849 2647 944 2683 sunt,
971 2645 1016 2681 V.
1048 2645 1174 2690 belles,
1201 2645 1245 2682 D.
1273 2646 1313 2682 P.
1332 2644 1432 2679 bella
1458 2647 1560 2689 sunt,
1586 2655 1713 2680 omncs
1739 2656 1810 2681 om.
1836 2645 1884 2682 in.

152 2698 226 2733 182.
267 2698 322 2733 Eo
361 2698 461 2733 dicta
493 2699 617 2743 lingua
645 2700 705 2745 A.3
746 2702 868 2745 ceteri,
907 2714 976 2738 0111.
1002 2703 1072 2738 Eo:
1117 2704 1253 2748 linguis
1288 2704 1397 2738 dicta.
1439 2703 1582 2738 Deinde
1614 2715 1737 2739 amara
1762 2703 1885 2739 facitis

147 2756 344 2791 Mcursius:
371 2757 416 2794 A.
443 2768 564 2793 amare
591 2757 725 2804 facitis,
744 2761 853 2795 ceteri
873 2772 994 2797 amare
1013 2761 1132 2798 factis.
1173 2763 1250 2799 183.
1278 2762 1323 2798 A.
1343 2762 1493 2797 Amanti
1513 2762 1542 2797 si
1565 2762 1652 2806 quin
1671 2763 1770 2807 quod
1789 2763 1884 2798 dabo

147 2826 218 2849 non
251 2819 324 2861 est3
358 2817 487 2851 ceteri:
527 2822 693 2852 amantes
727 2819 757 2854 si
790 2821 868 2863 quit
895 2832 967 2855 non
994 2821 1146 2867 danunt,
1185 2823 1255 2857 nisi
1289 2822 1387 2866 quod
1412 2822 1456 2856 D.
1485 2822 1524 2856 P.
1551 2821 1649 2865 quid.
1693 2822 1884 2856 Postremo

145 2873 395 2918 philosophari
422 2875 632 2910 Goellerus:
659 2877 765 2913 codd.
791 2889 918 2913 onmes
938 2878 1106 2915 fabulari.
1161 2881 1238 2916 154.
1266 2881 1310 2915 A.
1339 2880 1474 2915 decuit.
1526 2880 1605 2915 185.
1624 2880 1729 2916 codd.
1756 2889 1883 2915 omues

145 2944 225 2968 cum
257 2933 296 2968 A.
325 2933 428 2970 istos.
455 2935 500 2970 A.
527 2935 777 2980 parcimoniis,
805 2937 913 2972 ceteri
940 2939 1179 2982 parc-epromi.
1220 2939 1297 2973 186.
1324 2939 1370 2975 A.
1397 2939 1526 2983 adque.
1557 2938 1595 2974 V.
1621 2938 1665 2973 D.
1685 2938 1883 2974 inlcccbrii.

147 2992 224 3025 187.
251 2993 290 3027 P.
318 3005 386 3028 om.
414 3005 508 3031 nam.
535 2995 640 3030 codd.
669 3006 794 3030 munes
821 2996 974 3031 obsecro
992 3007 1027 3040 1).
1055 2997 1200 3041 oppido.
1255 2999 1332 3033 188.
1360 2997 1428 3039 Qui
1445 2996 1611 3041 Bothius,
1639 2997 1746 3035 codd.
1773 2997 1881 3039 Quid.

144 3058 189 3084 A.
216 3049 400 3086 hminibus
418 3063 453 3096 p.
480 3053 666 3089 omnibus.
698 3055 773 3090 189.
802 3055 908 3091 codd.
933 3059 1079 3099 praeter
1094 3056 1139 3092 A.
1167 3067 1292 3091 omnes
1320 3055 1548 3091 subuenistis
1574 3056 1672 3091 mihi.
1699 3057 1744 3092 V.
1770 3056 1822 3091 ait
1845 3066 1882 3100 p.

145 3108 212 3146 ais.
238 3108 282 3144 V.
309 3109 353 3144 D.
380 3114 419 3144 ut
446 3111 534 3155 quid
559 3111 626 3148 vis.
678 3113 756 3148 190.
785 3113 829 3151 Α,
857 3114 996 3151 Estino.
1025 3115 1130 3150 codd.
1157 3119 1300 3161 practer
1318 3115 1363 3152 A.
1391 3125 1517 3149 omnes
1536 3124 1644 3153 omm.
1670 3119 1712 3152 ut
1729 3118 1769 3151 ut
1787 3115 1881 3151 aliis·
