2022 3314
233 58 290 99 44
1021 57 1206 95 PLAUTI
1657 63 1718 109 (11,
1743 65 1777 110 7,
1801 65 1959 111 51-64)

1023 193 1161 238 GETA.

1560 258 1571 264 ⁸
1605 265 1722 316 Quae
1739 267 1844 311 haec
1861 270 1958 311 res?

231 326 377 368 Meone
409 340 492 380 ero,
525 330 726 384 improbe,
759 335 803 373 tu
834 330 1084 374 maledicere
1115 333 1260 387 audes,
1293 334 1386 377 fons
1417 335 1491 377 viti
1522 340 1564 379 et
1593 336 1777 390 peridri'?

907 425 1280 468 STRATOPHANES.

228 488 410 532 Verbum
432 504 558 534 unum
580 492 691 536 adde
712 494 828 537 istoc.
859 495 942 537 iam
964 495 1103 538 hercle
1125 497 1205 549 ego
1227 497 1297 540 ted
1328 498 1395 541 hic
1425 499 1506 542 hac
1536 500 1694 542 offatim
1725 500 1955 543 conficiam.

1019 576 1158 619 GETA.

229 638 378 693 Tange
409 642 553 685 modo:
588 644 671 686 iam
704 648 744 687 te
776 645 842 687 hic
875 658 954 699 ego
987 646 1144 700 agnum
1176 647 1328 690 faciam
1360 653 1401 691 ct
1430 649 1612 693 medium
1644 651 1927 694 distruncabo.

229 708 273 751 Si
304 713 348 752 tu
379 711 436 754 ad
465 713 675 768 legionem
708 715 884 758 bellator
915 716 1043 770 clues‚
1077 721 1120 758 at
1151 719 1194 758 in
1224 718 1365 761 culina
1395 719 1487 773 ego.

935 810 1244 854 PHRONEsmM.

132 881 201 915 605
227 874 271 916 Si
303 888 481 928 aequom
513 876 659 931 facias,
692 878 944 922 adventores
976 893 1049 922 eos
1080 881 1214 934 cures,
1247 895 1423 935 quorum
1455 883 1556 925 mihi
1882 881 1956 925 (55)
2002 877 2010 880 “

226 945 348 987 Dona
378 947 556 1000 accepta
586 953 789 1002 grataque
821 949 975 993 habeo:
1015 955 1090 992 tua
1120 952 1230 993 enim
1261 953 1439 1008 ingrata,
1478 968 1587 1008 quae
1618 956 1696 998 abs
1726 959 1768 998 te
1797 957 1956 1012 accepi.

904 1032 1275 1077 STRATOPHANES.

224 1099 330 1141 Tum
364 1099 434 1153 pol
466 1099 559 1154 ego,
597 1100 719 1144 donis
750 1102 953 1157 privatus,
987 1104 1105 1157 perii.

1017 1185 1160 1231 GETA.

1156 1257 1335 1301 Planum
1365 1260 1472 1302 istuc
1503 1261 1671 1314 quidem
1703 1264 1779 1303 est.

225 1322 336 1373 Quid
367 1336 478 1365 nunc
510 1322 610 1376 ergo
643 1322 710 1366 hic
741 1323 837 1367 odio
869 1337 928 1378 es,
962 1325 1113 1380 sceIUS‚
1145 1327 1360 1372 confessus
1390 1330 1582 1375 omnibus
1613 1332 1740 1375 reiis?

902 1407 1274 1455 STRATOPHANES·

221 1476 330 1518 Perii
361 1475 500 1519 hercle
531 1474 670 1529 hodie,
703 1477 745 1518 ni
776 1477 886 1521 hunc
917 1492 943 1521 a
973 1483 1015 1522 te
1046 1479 1186 1535 abigo.

1052 1575 1109 1604 ET
1145 1597 1154 1605 .

1014 1562 1186 1677 {cedde
1209 1634 1333 1676 modo
1355 1634 1449 1687 hirc,
1479 1634 1549 1677 adi
1570 1635 1651 1678 huc
1671 1637 1808 1680 modo.
1880 1633 1955 1677 (60)

907 1725 1280 1770 STRATOPHANES.

126 1794 196 1829 610
222 1794 372 1846 Etiam,
405 1794 542 1837 scelus
572 1795 666 1848 viri,
699 1795 904 1850 minitare,
937 1810 1059 1850 quem
1092 1812 1171 1852 ego
1203 1799 1362 1842 offatim
1393 1798 1686 1851 concipilabo‘?

421 1864 531 1914 Quid
564 1865 636 1907 tibi
667 1865 748 1908 hnc
780 1867 919 1909 ventio
950 1868 1044 1910 est?
1095 1868 1206 1919 Quid
1236 1869 1311 1911 tibi
1342 1869 1451 1912 hanc
1482 1869 1611 1912 aditio
1644 1870 1738 1914 est?

419 1934 529 1984 Quid
559 1935 634 1977 tibi
665 1935 773 1979 hanc
805 1938 916 1980 notio
948 1939 1024 1992 est,
1057 1939 1242 1993 inquam,
1275 1943 1456 1983 amicam
1488 1941 1656 1983 meam?

419 2005 631 2048 Emoriere
662 2006 790 2060 ocius,
823 2008 858 2049 εἰ
889 2010 1016 2051 mansi
1047 2009 1213 2052 niceris.

1012 2103 1151 2146 GETA.

419 2170 563 2223 Quid?
599 2172 727 2214 mansi
758 2172 962 2215 uicerim?

312 2370 392 2406 601.
418 2371 581 2415 improbe
607 2374 646 2405 tu
671 2370 845 2406 Bothius:
873 2370 979 2408 codd.
1005 2374 1045 2406 tu
1069 2370 1242 2415 improbe.
1281 2370 1423 2405 Deinde
1450 2371 1495 2407 V.
1523 2374 1559 2405 ct
1584 2381 1606 2406 o
1639 2371 1873 2416 maledicere,
1905 2372 1950 2409 D.

216 2431 253 2462 et
278 2428 502 2465 maledicere.
542 2430 708 2474 Denique
732 2429 777 2466 V.
804 2429 946 2474 peiiuri‚
970 2430 1015 2466 D.
1040 2429 1169 2473 peiuri.
1245 2429 1324 2466 602.
1351 2429 1457 2466 codd.
1489 2433 1524 2463 tc
1550 2440 1584 2474 p.
1612 2430 1684 2467 ted.
1710 2430 1755 2467 V.
1782 2429 1951 2477 officiam,

215 2486 259 2523 D.
288 2486 423 2521 affatim
451 2488 618 2533 officiam,
645 2489 684 2526 P.
711 2488 848 2523 affatim
877 2487 1043 2525 efficiam.
1118 2487 1198 2524 603.
1225 2487 1268 2524 V.
1294 2487 1340 2524 D.
1366 2487 1436 2522 iam
1464 2499 1532 2534 ego
1559 2487 1628 2533 hic,
1655 2498 1724 2525 om.
1750 2495 1796 2525 te.
1822 2489 1862 2526 P.
1880 2489 1950 2525 iam

214 2555 284 2590 ego
310 2549 358 2589 te,
384 2556 441 2580 om
468 2547 536 2584 hic.
613 2548 693 2584 (304.
720 2547 765 2583 V.
792 2546 836 2583 D.
866 2545 922 2582 Sit
947 2547 1003 2582 uel
1030 2559 1064 2591 p.
1100 2546 1138 2582 Si
1168 2550 1208 2581 tu
1235 2545 1291 2590 ad,
1317 2546 1356 2582 P.
1385 2545 1423 2580 Si
1448 2550 1500 2583 tu.
1538 2546 1679 2582 Deinde
1704 2546 1749 2584 V.
1774 2547 1819 2584 D.
1846 2548 1950 2584 cuius

214 2614 248 2648 p.
274 2606 383 2642 clues.
434 2607 602 2650 Denique
633 2605 738 2642 codd.
771 2616 915 2641 omnes:
943 2609 980 2641 at
1012 2616 1082 2650 ego
1115 2606 1151 2639 in
1185 2605 1305 2640 culina
1337 2605 1435 2650 ciue,
1467 2606 1536 2640 nisi
1570 2605 1671 2650 quod
1703 2605 1748 2643 V.
1778 2605 1950 2644 cubilina.

214 2663 360 2707 Lipsius
386 2668 507 2699 tamen
535 2675 578 2699 ex
605 2665 684 2702 cod.
711 2665 847 2699 Roveri
873 2664 1008 2700 adfert:
1036 2665 1071 2698 in
1098 2664 1222 2698 culina
1255 2673 1353 2707 aree,
1387 2664 1474 2699 Pius
1508 2676 1553 2700 ex
1585 2665 1687 2700 libris
1719 2664 1810 2700 suis:
1843 2666 1949 2704 aries.

213 2723 292 2759 605.
320 2723 424 2760 codd.
451 2734 552 2759 meos
578 2735 612 2768 p.
639 2734 714 2760 eos.
757 2723 896 2758 Deinde
922 2724 1067 2758 incuses
1093 2734 1127 2767 p.
1154 2731 1270 2758 eureS.
1345 2723 1425 2759 606.
1452 2723 1557 2758 codd.
1583 2728 1620 2759 et
1644 2726 1750 2769 grata
1775 2734 1810 2767 p.
1828 2728 1949 2769 grata-

214 2791 295 2824 que.
333 2781 474 2816 Deinde
501 2789 632 2827 tuaque
658 2793 691 2826 1).
719 2787 780 2817 tua
806 2782 912 2819 enim.
985 2782 1066 2818 607.
1093 2781 1198 2817 codd.
1226 2790 1294 2825 ego
1320 2784 1357 2816 et
1375 2781 1478 2816 donis
1502 2783 1669 2826 priuatus
1695 2793 1773 2818 sum
1793 2786 1830 2817 et
1846 2783 1948 2827 perii.

212 2840 324 2874 Plane
349 2840 444 2875 istuc
470 2844 537 2878 est.
577 2841 615 2877 P.
644 2845 764 2876 tamen
792 2845 953 2877 extrema
979 2840 1108 2874 tribuit
1131 2839 1341 2877 Phronesio.
1417 2841 1496 2878 608.
1523 2841 1567 2878 V.
1594 2840 1741 2876 odicssc
1767 2852 1818 2886 cs,
1844 2841 1889 2878 D.
1906 2842 1946 2878 P.

212 2897 338 2932 odiose
370 2908 419 2934 es.
464 2899 509 2935 V.
543 2902 623 2934 tous
656 2911 690 2943 p.
722 2910 824 2945 rcus,
855 2900 895 2935 P.
930 2903 966 2934 tc
998 2899 1055 2935 iis.
1131 2899 1210 2934 609.
1245 2899 1350 2936 codd.
1384 2899 1452 2934 nisi
1486 2909 1519 2942 p.
1554 2899 1601 2935 ni.
1639 2899 1782 2936 Deinde
1815 2900 1948 2936 accede

212 2956 319 2991 modo
346 2956 416 2992 hue
441 2957 608 2992 Bothius:
635 2957 680 2995 V.
706 2958 750 2996 D.
777 2959 910 2994 accede
935 2958 1032 2993 hunc
1058 2957 1176 3002 modo,
1202 2958 1242 2994 P.
1270 2958 1404 2992 accede
1429 2957 1500 2992 huc
1525 2957 1644 2994 modo.
1719 2960 1799 2996 610.
1829 2959 1875 2996 V.
1902 2959 1946 2996 D.

212 3015 300 3049 ucri.
339 3016 377 3052 P.
404 3026 473 3053 om.
501 3016 578 3053 viri.
619 3016 662 3053 V.
689 3017 733 3053 D.
760 3017 899 3052 offatim
926 3017 996 3052 iam
1024 3016 1096 3051 iam
1122 3017 1193 3051 iam
1221 3016 1460 3061 concipilabo,
1487 3015 1556 3052 nisi
1588 3016 1687 3059 quod
1717 3017 1762 3055 D.
1795 3017 1946 3053 affatim.

211 3073 251 3109 P.
285 3074 424 3108 affatim
456 3075 527 3109 iam
560 3074 631 3109 iam
663 3075 878 3119 compilabo.
921 3075 966 3112 cf.
997 3075 1100 3112 Paul.
1131 3085 1166 3118 p.
1199 3076 1255 3112 62.
1329 3076 1409 3112 612.
1442 3075 1486 3111 V.
1520 3074 1640 3109 noetio
1675 3080 1730 3110 est
1762 3086 1944 3121 umquam.

212 3132 291 3168 613.
318 3133 450 3167 nicei-is
476 3133 684 3168 Turnebus:
712 3133 816 3171 codd.
843 3144 967 3169 omncs
999 3133 1142 3171 uiceriS.
1217 3134 1297 3171 614.
1331 3134 1436 3172 codd.
1471 3143 1595 3170 omncs
1627 3133 1786 3172 uicerim.
