2022 3314
114 457 184 491 635

113 804 182 840 640

112 1164 180 1199 645

112 1509 181 1544 650

111 1949 181 1983 655

209 59 266 102 46
986 55 1169 95 PLAUTI
1236 84 1238 86 ν
1642 65 1718 114 (ΠΙ,
1745 70 1777 115 1,
1804 69 1934 118 1—22)

791 190 1015 235 STRABAX.
1075 194 1353 238 ASTAPHIUM.

959 310 1183 354 STRABAX.

353 378 441 419 Rus
472 391 595 421 mane
626 379 783 421 dudum
814 377 909 421 hine
940 380 1000 423 ire
1030 383 1097 424 ine
1128 383 1250 424 iussit
1280 384 1414 437 pater,

354 447 409 489 Ut
441 448 574 491 bubus
606 449 805 503 glandem
837 451 1015 503 prandio
1048 452 1350 506 depromerem.

354 518 580 571 Postquam
612 519 712 561 illue
742 519 852 572 veni,
886 533 1028 562 eeeum
1060 522 1231 564 advenit
1264 518 1341 574 (sie
1373 525 1436 568 dis
1468 524 1624 580 placet)

353 587 420 629 Ad
452 590 597 631 villam
627 589 847 643 argentum
879 603 971 633 meo
1004 592 1074 644 qui
1107 591 1289 634 debebat
1320 597 1440 648 patri,

354 657 435 708 Qui
467 661 558 701 ovis
590 660 844 702 Tarentinas
875 665 964 702 erat
995 663 1203 704 mercatus
1235 662 1287 705 de
1318 665 1449 716 patre.
1889 666 1940 709 (5)

355 729 528 779 Quaerit
558 730 740 784 patrem:
774 730 868 772 dieo
900 743 994 773 esse
1024 731 1066 772 in
1099 732 1212 774 urbe.
1273 732 1495 789 interrogo,

355 799 464 849 Quid
496 813 588 842 eum
620 800 723 842 velit
760 833 1567 846 ............

353 871 489 912 Homo
521 872 750 912 cruminam
785 871 863 912 sibi
895 870 947 912 de
979 870 1087 912 eollo
1120 870 1313 925 detrahit,

352 941 489 982 Minas
521 940 669 994 viginti
700 939 801 981 mihi
835 939 919 981 dat.
983 939 1144 993 accipio
1176 940 1338 984 lubens.

352 1010 497 1053 Condo
528 1015 568 1052 in
601 1012 844 1052 cruminam.
907 1010 977 1052 ille
1009 1010 1128 1051 abiit:
1161 1010 1240 1064 ego
1273 1013 1428 1065 probas
1460 1014 1611 1068 mimis,
1863 1014 1937 1059 (10)

353 1080 469 1133 Ovis,
501 1080 542 1121 in
575 1082 762 1122 crumina
794 1079 874 1122 hac
904 1079 986 1122 hue
1017 1080 1059 1122 in
1091 1080 1233 1123 urbem
1266 1081 1410 1124 detuli.

353 1151 449 1192 Fuit
480 1150 630 1204 edepol
662 1149 900 1196 Marsmeo
932 1151 1141 1203 periratus
1174 1154 1296 1205 patri,

351 1222 460 1263 Nam
492 1234 591 1263 oves
622 1221 733 1263 illius
764 1220 878 1262 haud
908 1221 1035 1273 longe
1065 1220 1217 1263 absunt
1248 1236 1273 1263 a
1305 1222 1428 1276 lupis.

351 1293 469 1335 Nune
501 1304 580 1344 ego
612 1290 715 1333 istos
748 1290 927 1332 mundos
959 1291 1143 1333 urbanos
1174 1291 1359 1334 amasios

350 1363 441 1404 Hoc
471 1362 555 1403 ictu
586 1362 794 1415 exponam
829 1365 954 1414 atque
985 1374 1130 1403 omnes
1162 1360 1311 1403 eiciam
1343 1361 1471 1405 for-cis.
1865 1362 1939 1406 (15)

351 1431 579 1474 Eradieare
611 1436 674 1474 est
705 1437 863 1474 eertum
895 1432 1138 1485 cumprimis
1170 1432 1348 1486 patrem,

353 1503 453 1545 Post
483 1501 526 1543 id
557 1502 741 1544 locorum
773 1506 962 1544 matrem.
995 1503 1104 1545 nune-
1135 1502 1260 1544 hodie
1292 1503 1424 1545 feram

353 1574 586 1627 Argentum
618 1572 674 1614 ad
704 1573 828 1625 hanc,
861 1586 987 1626 quam
1018 1586 1144 1626 mage
1176 1586 1270 1614 amo
1303 1574 1429 1626 quiim
1462 1578 1637 1616 matrem
1670 1575 1818 1617 meam.

352 1644 408 1684 At
438 1643 558 1697 ecqui
590 1643 632 1685 in
660 1644 763 1686 villa
795 1644 886 1685 est?
923 1643 1043 1696 ecqui
1073 1643 1153 1685 hoe
1185 1643 1321 1696 aperit
1354 1644 1536 1686 ostium?

928 1726 1208 1768 As'rAPfflUM.

356 1796 466 1847 Quid
496 1797 602 1839 istuc
634 1796 817 1838 alienum
849 1799 925 1849 est,
959 1795 1040 1848 dic,
1073 1796 1238 1849 amabo,
1271 1797 1326 1838 mi
1358 1797 1552 1850 Strabax,
1867 1794 1940 1838 (20)

354 1867 434 1917 Qui
464 1879 548 1908 non
579 1867 790 1920 extemplo
820 1866 1039 1924 introeas?
1070 1866 1181 1908 anne
1211 1869 1394 1920 oportuit

352 1937 417 1979 Ita
448 1941 488 1979 te
521 1937 703 1990 quidem,
737 1937 808 1990 qui
841 1949 886 1979 es
916 1935 1168 1978 familiaris?

293 2135 337 2173 V.
350 2134 523 2170 Stratilex
531 2134 779 2172 RVSTICVS.
795 2134 1021 2171 ANCILLA.
1030 2134 1074 2172 D.
1085 2133 1258 2170 Stratilax
1272 2134 1570 2172 seruus.Aneilla.
1579 2135 1617 2172 P.
1628 2135 1938 2174 St1·atilax.Asea-

204 2194 339 2240 phium.
366 2194 446 2231 635.
472 2194 512 2231 P.
538 2193 602 2229 ubi
626 2204 662 2237 p.
688 2197 738 2231 ut.
790 2194 867 2229 636,
899 2194 938 2231 P.
965 2194 1128 2238 Postque
1163 2193 1264 2239 illue,
1301 2194 1343 2231 V.
1367 2194 1415 2230 D.
1442 2194 1531 2230 Post
1555 2194 1650 2231 illoc.
1676 2194 1819 2230 Deinde
1834 2195 1877 2233 V.
1896 2196 1941 2235 D.

206 2265 313 2299 quam
340 2253 472 2289 adueni
490 2264 524 2297 p.
543 2263 668 2289 eccum
689 2253 849 2298 advenit,
864 2263 958 2297 quae
976 2264 1046 2290 om.
1063 2253 1104 2290 P.
1124 2252 1292 2298 Denique
1313 2253 1364 2288 sie
1378 2252 1433 2287 dis
1459 2252 1582 2296 placet
1606 2253 1751 2289 Douza:
1778 2254 1883 2291 codd.
1910 2255 1941 2289 si

206 2313 285 2348 deis
317 2313 450 2357 placet.
523 2311 603 2349 637.
637 2311 681 2348 V.
714 2311 759 2348 D.
790 2310 932 2355 billam,
964 2312 1004 2349 Ρ,
1037 2311 1175 2347 bullam
1208 2332 1251 2336 ——
1283 2310 1428 2348 debeat.
1503 2311 1583 2348 638.
1609 2311 1654 2347 V.
1684 2311 1763 2354 Quo
1790 2313 1943 2348 uistaret

206 2373 393 2407 inaserant
417 2371 462 2408 D.
488 2371 568 2413 Quo
595 2371 651 2405 uis
679 2373 795 2405 staret
820 2370 981 2405 inaserat
1006 2371 1047 2408 P.
1074 2371 1147 2413 Qui
1170 2369 1389 2404 frumentum
1422 2374 1528 2407 serat.
1603 2371 1682 2407 639.
1710 2371 1748 2408 Ρ.
1774 2371 1941 2415 intelligo

206 2441 241 2475 p.
267 2431 465 2475 interrogo.
538 2429 618 2466 640.
646 2429 690 2466 V.
718 2428 761 2464 D.
789 2428 904 2466 uellit.
978 2429 1059 2466 641.
1085 2428 1190 2465 codd.
1218 2439 1345 2463 omnes
1371 2428 1538 2465 detraxit.
1613 2429 1693 2466 642.
1720 2429 1763 2467 V.
1789 2430 1940 2475 middat,

206 2489 251 2526 D.
277 2488 402 2526 midat.
439 2488 483 2525 V.
509 2488 554 2525 D.
579 2487 711 2524 libens.
761 2488 841 2525 643.
867 2489 908 2525 P.
933 2497 1087 2533 propere
1112 2498 1146 2531 p.
1172 2486 1324 2531 probas,
1350 2487 1394 2524 D.
1428 2497 1592 2532 perpera.
1643 2487 1687 2525 V.
1719 2499 1788 2526 om.
1820 2490 1941 2524 omnia

206 2548 300 2582 inter
330 2549 411 2582 abiit
444 2550 481 2582 et
510 2549 573 2582 Ῑιας
602 2557 637 2582 v.
670 2546 757 2591 (544,
789 2546 829 2583 Ρ.
862 2546 982 2582 Omnia
1012 2547 1107 2581 inter
1133 2547 1258 2592 probas
1289 2550 1323 2581 et
1349 2547 1382 2580 in
1415 2547 1538 2583 urbem.
1613 2547 1692 2583 644.
1719 2546 1762 2584 D.
1791 2547 1880 2590 Quis
1904 2558 1940 2592 p,

206 2616 241 2650 p.
268 2605 368 2643 Ovis.
395 2605 501 2642 codd.
526 2616 632 2643 0111111.
660 2604 740 2642 huc.
766 2604 812 2640 V.
839 2604 882 2641 D.
909 2605 998 2640 urbe
1023 2615 1079 2640 me
1104 2615 1139 2649 p.
1166 2604 1302 2639 urbem.
1376 2604 1456 2641 645.
1483 2604 1527 2639 V.
1553 2604 1596 2641 D.
1623 2605 1776 2650 piratas,
1800 2606 1840 2643 P.
1867 2606 1938 2642 ira-

206 2668 277 2702 tus.
351 2664 431 2700 646.
456 2665 501 2702 D.
533 2668 606 2709 aut,
638 2664 684 2701 V.
717 2673 774 2699 au.
849 2664 929 2700 647.
963 2663 1068 2699 codd.
1102 2663 1306 2699 mundulos.
1345 2662 1389 2699 V.
1416 2673 1603 2708 arnaspos,
1628 2663 1672 2700 D.
1699 2674 1799 2699 amas
1825 2692 1833 2699 .
1861 2693 1869 2701 .
1896 2695 1904 2702 .
1930 2695 1938 2703 .

206 2723 247 2760 P.
274 2726 466 2760 amatores.
504 2723 701 2758 Diomedes
726 2734 761 2768 p.
787 2722 868 2766 334,
895 2722 940 2757 14
974 2721 1171 2756 mundulos
1203 2722 1294 2756 istos
1327 2721 1496 2756 amasios.
1571 2722 1650 2759 648.
1678 2721 1721 2759 V.
1746 2721 1779 2756 D
1806 2723 1940 2770 Hocitu

206 2783 246 2819 P.
281 2781 400 2817 Ocius.
432 2782 479 2819 V.
510 2782 554 2819 D.
585 2782 722 2818 ieciam.
797 2781 877 2818 649.
903 2781 947 2817 V.
987 2779 1229 2815 eradiearensi
1268 2779 1313 2816 D.
1352 2779 1571 2815 eradicarem
1611 2780 1654 2815 si.
1686 2781 1726 2817 P.
1767 2781 1941 2826 inprimis,

207 2841 286 2878 650.
313 2840 417 2877 codd.
444 2840 615 2877 loearum.
643 2840 687 2877 V.
713 2839 783 2875 hoc
809 2840 880 2877 die.
917 2839 1060 2874 Deinde
1085 2838 1198 2875 feram
1229 2836 1444 2872 Acidalius:
1477 2838 1582 2875 codd.
1614 2837 1782 2876 ecfer-am.
1858 2841 1938 2878 651.

207 2903 398 2943 argentum
431 2900 477 2935 ad
508 2899 602 2934 hane
632 2898 806 2933 Bothius:
841 2897 944 2934 codd.
978 2898 1024 2933 ad
1056 2898 1149 2933 hanc
1175 2899 1375 2942 argentum.
1449 2897 1529 2934 652.
1555 2897 1599 2934 V.
1626 2897 1670 2934 D.
1696 2901 1751 2933 tat
1777 2899 1881 2943 ecqui
1908 2899 1940 2934 si

210 2959 310 2994 nulla
335 2962 400 3003 est,
426 2959 495 2993 nisi
521 2957 621 3002 quod
645 2957 690 2994 D.
716 2960 821 2994 tatet.
859 2958 899 2994 P.
925 2967 994 2993 0111.
1022 2961 1092 2992 tat:
1118 2957 1245 3002 eequis
1270 2955 1371 2990 nulla
1388 2958 1454 2992 est.
1480 2955 1633 2991 Bothius
1651 2956 1766 3001 ecqui.
1786 2955 1938 3001 Scripsi:

210 3018 313 3061 ecqui
339 3017 376 3051 in
402 3016 490 3052 villa
515 3021 582 3061 est,
608 3016 708 3061 quod
732 3027 776 3051 ex
804 3026 962 3060 persona
993 3015 1234 3051 adulescentis
1266 3014 1392 3050 rustici
1425 3014 1570 3050 videtur
1601 3014 1748 3052 dietum.
1797 3014 1939 3049 Deinde

209 3076 315 3121 ecqui
340 3075 409 3110 hoe
434 3075 550 3120 aperit
574 3074 745 3110 Bothius:
773 3075 875 3112 codd.
902 3075 1027 3119 ecquis
1054 3074 1170 3119 aperit
1199 3074 1276 3111 hoc.
1352 3073 1432 3109 653.
1459 3072 1539 3109 cod.
1573 3082 1680 3110 omm.
1714 3073 1782 3110 dic.
1857 3073 1938 3110 654.

209 3134 249 3171 P.
276 3135 387 3170 intres
413 3145 447 3178 p.
473 3134 643 3178 introeas,
668 3133 713 3170 V.
738 3133 782 3171 D.
808 3134 860 3168 ire
887 3134 928 3170 si.
