2022 3314
13 1022 82 1057 660

4 1978 7 1981 y
32 1932 101 1967 665

109 79 184 126 (111,
211 80 242 126 1,
268 81 419 126 22-2‚
446 79 503 124 12)
683 99 688 105 -
787 78 1149 118 TRucULENTUs
1775 89 1830 130 47

858 200 1081 244 STRABAX.

1128 271 1273 313 Ibitur.

254 331 315 373 Ne
347 343 412 371 me
444 328 598 371 morari
629 328 819 371 censeas.

827 409 1105 452 ASTAPHIUM.
1157 397 1164 402 ’

1187 479 1346 533 Lepide
1376 480 1491 523 facis.

643 585 959 627 STRATULLAX.
1021 585 1302 627 ASTAPHmM.

815 667 1131 709 STRATULLAX.

251 739 399 780 Mirum
430 738 604 791 videtur,
637 752 729 780 rure
761 739 906 780 erilem
937 737 1068 778 filium

251 809 495 851 Strabacem
526 809 609 850 non
640 807 813 861 redisse,
845 807 928 850 nisi
960 807 995 849 si
1026 808 1264 849 clanculum

251 879 487 932 Conlapsus
519 879 583 921 est
612 878 678 920 hic
708 878 751 920 in
781 878 1065 932 corruptelam
1098 877 1231 920 suam.

829 948 1110 989 ASTAPHIUM.

257 1019 352 1061 Jam
384 1019 455 1072 pol
486 1018 572 1060 illic
603 1017 859 1071 inclamabit,
891 1017 958 1058 me
991 1017 1026 1059 si
1058 1019 1284 1071 aspexerit.

807 1099 1124 1142 STRATULLAX.

252 1159 362 1210 Quid
394 1159 490 1201 vis?

830 1229 1110 1272 ASTAPHIUM.

549 1299 774 1353 Exspecto.

809 1369 1126 1411 STRATULLAX.

853 1438 994 1489 Quid?

829 1510 1108 1551 ASTAPHIUM.

1083 1578 1220 1621 Tuam
1250 1579 1557 1621 truculentiam.
1790 1574 1840 1617 (5)

813 1662 1132 1704 STRATULLAX.

251 1732 386 1774 Nimio
417 1732 554 1774 minus
587 1732 738 1774 saevos
768 1733 853 1775 iam
885 1746 988 1784 sum,
1020 1730 1284 1784 Astaphium,
1319 1745 1445 1784 quam
1478 1732 1548 1774 fui.

249 1804 425 1845 Iamiam
456 1817 537 1844 non
570 1804 662 1845 sum
691 1804 967 1845 truculentus:
1008 1802 1093 1844 noli
1124 1801 1322 1844 metuere.

251 1873 342 1926 Dic,
374 1874 536 1927 impera
566 1873 667 1915 mihi
699 1873 800 1927 quid
831 1874 895 1915 vis
927 1873 968 1914 et
1000 1886 1081 1926 quo
1114 1872 1178 1914 vis
1216 1871 1351 1913 modo.

250 1945 390 1986 Novos
422 1945 556 1985 omnis
587 1944 722 1986 meres
754 1943 903 1997 habeo,
936 1942 1099 1984 veteres
1131 1941 1310 1995 perdidi.

248 2014 326 2055 Vel
357 2027 501 2055 amare
532 2014 716 2067 pessum,
749 2014 816 2055 vel
845 2013 931 2055 iam
962 2013 1142 2054 scortum
1175 2011 1339 2055 ducere.
1765 2003 1839 2047 (10)

825 2095 1109 2136 ASTAPHIUM.

250 2166 408 2220 Lepide
439 2167 644 2209 mecastor
673 2166 862 2208 nuncias.
894 2165 970 2208 sed
1003 2165 1069 2207 dic
1100 2164 1219 2206 mihi:

250 2237 400 2278 Haben
410 2237 431 2277 Ῥ

838 2294 1157 2336 STRATULLAX.

476 2365 721 2408 Peniculum
751 2368 792 2406 te
822 2364 1000 2407 fortasse
1032 2362 1185 2406 dicere.

199 2560 243 2598 V.
276 2561 531 2598 Truculentus.
569 2560 799 2606 Astaphium.
838 2559 1040 2597 SERVVS.
1078 2559 1302 2596 ANCILLA.
1340 2558 1384 2595 D.
1415 2557 1646 2602 Astaphium.
1688 2557 1835 2592 Seruus.

105 2620 262 2657 Ancilla.
287 2621 327 2657 P.
355 2619 540 2656 Stratilax.
568 2619 805 2664 Ascaphium.
879 2620 959 2654 657.
985 2619 1030 2654 V.
1057 2619 1101 2656 D.
1127 2619 1212 2654 ruri.
1286 2618 1367 2654 658.
1392 2617 1432 2654 P.
1464 2627 1534 2653 om.
1562 2617 1602 2651 si.
1678 2617 1757 2652 660.
1783 2615 1838 2649 in-

106 2679 279 2713 clamabit
303 2689 360 2713 me
385 2678 556 2713 Bothius:
582 2678 688 2716 codd.
714 2688 771 2713 me
796 2677 1026 2722 inclamabit,
1058 2677 1131 2712 nisi
1162 2677 1261 2722 quod
1284 2677 1330 2712 V.
1357 2676 1402 2712 D.
1434 2675 1654 2711 inclamauit.
1692 2673 1836 2708 Deinde

106 2737 151 2774 V.
175 2737 221 2774 D.
247 2747 285 2772 se
309 2748 344 2782 p.
371 2738 413 2781 si,
438 2737 483 2774 D.
510 2737 681 2781 asspexit.
706 2747 741 2774 v.
767 2737 846 2781 661,
885 2736 956 2770 huc
980 2736 1226 2780 transpositus
1253 2746 1275 2770 a
1298 2734 1448 2779 Bothio,
1475 2735 1512 2769 in
1538 2734 1643 2770 codd.
1670 2732 1837 2776 sequitur

105 2799 190 2839 post
215 2795 295 2832 663.
321 2796 366 2832 V.
391 2796 436 2832 D.
465 2795 536 2837 Qui
560 2798 660 2830 tuam
686 2798 856 2839 expector
881 2794 1134 2831 esculentiam.
1161 2795 1201 2830 P.
1226 2793 1348 2836 Quid?
1372 2796 1474 2827 tuam
1500 2795 1629 2836 expeto
1656 2791 1836 2826 truculen-

106 2855 206 2890 tiam.
234 2853 370 2898 Scripsi
394 2855 578 2897 Exspecto
595 2875 638 2878 —
654 2853 776 2896 Quid?
803 2873 846 2879 —-
873 2853 991 2887 Tuam
1015 2853 1281 2888 truculentiam.
1332 2851 1413 2886 662.
1439 2850 1482 2886 V.
1501 2850 1546 2884 D.
1572 2850 1683 2883 inisse
1708 2860 1776 2884 uos
1801 2860 1837 2893 p.

106 2913 227 2948 minus
252 2922 391 2949 saevos.
416 2913 462 2948 D.
488 2912 691 2956 astaphum.
717 2912 758 2948 P.
785 2912 846 2955 qui
871 2922 905 2955 p.
931 2921 1052 2955 quam.
1126 2912 1207 2947 663.
1233 2909 1339 2947 codd.
1364 2909 1442 2944 Iam
1466 2919 1501 2952 p.
1528 2907 1690 2945 Iamiam.
1718 2908 1762 2945 V.
1789 2908 1835 2945 D.

105 2961 289 3007 metueris,
362 2971 441 3006 664.
474 2971 518 3008 V.
549 2971 594 3006 D.
625 2971 798 3014 incipera.
830 2969 934 3006 codd.
973 2979 1098 3005 omnes
1135 2968 1224 3012 quid
1255 2969 1320 3004 tibi
1351 2979 1387 3012 p.
1420 2966 1508 3011 quid
1546 2966 1616 3003 vis.
1688 2967 1769 3003 666.
1795 2967 1835 3003 P.

107 3031 227 3066 etiam.
252 3028 297 3065 V.
323 3028 454 3066 dicere.
527 3030 607 3065 668.
633 3028 677 3064 V.
703 3029 748 3064 D.
774 3028 930 3072 Habent,
955 3028 996 3064 P.
1021 3028 1140 3063 Anne.
1181 3027 1324 3062 Deinde
1349 3026 1454 3063 codd.
1481 3034 1607 3059 omnes
1632 3025 1834 3068 parasitum

107 3098 142 3132 p.
166 3086 387 3132 peniculum,
413 3087 512 3132 quod
534 3087 680 3122 videtur
704 3090 823 3122 ortum
849 3096 931 3122 esse
961 3096 1006 3121 ex
1037 3084 1298 3130 Menaechmis,
1330 3086 1392 3121 ubi
1418 3082 1615 3120 Peniculus
1645 3083 1831 3127 parasitus

108 3149 239 3182 exstat.
276 3145 443 3189 Denique
469 3145 574 3182 codd.
601 3155 726 3180 omnes
752 3148 788 3180 et
812 3155 848 3188 p.
873 3147 921 3182 te.
945 3144 985 3180 P.
1012 3143 1154 3181 ducere.
