2022 3314
2 195 70 232 565

2 547 70 584 570

2 1240 70 1277 575

94 68 154 115 (11,
180 69 212 109 7,
237 68 391 113 17—30)
698 66 1067 106 TRUGULENTUS.
1754 74 1803 114 41

292 191 348 232 At
377 190 456 233 hoc
487 191 635 233 saltem
666 194 806 232 servat
837 190 970 232 mare:
1006 190 1117 243 quod
1147 190 1208 231 illi
1239 190 1393 241 subest,
1424 194 1613 242 apparet.

292 261 399 304 Huic
431 259 505 303 des
536 260 816 314 quantumvis,
850 273 1069 312 nusquam,
1103 260 1236 312 ne'que
1269 258 1402 300 datori
1423 259 1557 311 neque
1579 261 1812 313 accepti-ici.

93 332 215 374 Velut
246 331 351 374 haec
368 332 562 374 meretrix
586 343 724 372 meum
745 343 859 371 erum
881 329 1078 371 miserum
1100 328 1301 371 blanditia
1323 328 1472 381 inpulit
1492 328 1533 369 in
1555 330 1813 381 pauperiem,

355 400 545 442 Privavit
576 400 707 451 bonis,
740 399 845 451 luce,
876 398 1033 440 honere
1066 403 1190 451 atque
1221 397 1379 439 amicis.
1742 406 1814 447 (20)

291 473 348 513 At
368 484 510 513 eccam
532 469 654 511 adest
675 468 940 523 proprinque.
982 468 1106 510 credo
1129 482 1222 510 eam
1244 467 1456 510 audivisse
1476 466 1582 510 haec
1604 481 1669 510 me
1689 469 1815 522 loqui.

93 540 260 583 Pallida
291 541 365 594 est,
398 545 442 583 ut
473 540 637 594 peperit
666 539 854 592 puerum.
917 538 1135 592 adloquar,
1167 538 1286 591 quasi
1318 537 1515 580 nesciam.

95 611 228 655 ι1111)οο
259 611 335 654 vos
367 611 543 653 salvere.

800 702 1110 743 PHRONESIUM.

623 773 773 815 Noster
805 772 925 824 Geta,
959 770 1060 824 quid
1090 771 1215 824 agis?
1245 771 1304 814 uti
1335 771 1482 814 vales?

887 863 1026 906 GETA.

92 938 222 980 Valeo
254 941 294 979 et
325 937 447 978 venio
480 937 535 978 ad
566 937 702 978 minus
734 935 944 978 valentem
976 939 1017 977 et
1048 935 1195 977 melius
1227 936 1297 987 qui
1328 934 1480 986 valeat,
1514 934 1615 976 fero.

92 1010 199 1050 Erus
231 1008 362 1059 meus,
395 1011 488 1048 tuos
521 1007 678 1058 oculus,
712 1005 768 1048 ad
799 1010 840 1048 te
871 1005 981 1047 ferre
1012 1018 1078 1047 me
1108 1005 1215 1047 haec
1244 1004 1364 1047 iussit
1394 1005 1468 1046 tibi
1746 1009 1818 1053 (25)

92 1080 229 1131 Dona,
261 1078 368 1131 quae
398 1076 519 1120 vides
550 1077 627 1120 hos
659 1077 768 1120 ferre
800 1081 840 1119 et
870 1077 948 1118 has
981 1076 1162 1130 quinque
1192 1075 1355 1129 argenti
1385 1074 1535 1117 minas.

793 1167 1105 1212 PHRONESIUM.

295 1241 458 1295 Edepol
490 1241 568 1283 hoc
600 1241 713 1284 haud
744 1243 863 1295 perit,
897 1240 1066 1294 quando
1097 1240 1225 1282 illunc
1255 1243 1416 1282 tantum
1447 1237 1555 1280 amo.

884 1334 1024 1376 GETA.

294 1404 428 1446 ‚Iussit
459 1405 579 1448 orare
613 1410 656 1448 ut
686 1406 791 1448 haec
824 1409 947 1459 grata
977 1404 1156 1446 haberes
1188 1404 1274 1446 tibi.

801 1500 1110 1541 PHRONESIUM.

294 1567 426 1611 Grata
455 1569 713 1622 acceptaque
745 1569 893 1612 habeo.

895 1651 1035 1693 GETA·

958 1722 1095 1764 Juben
1127 1720 1281 1763 auferri
1312 1720 1452 1762 intro?

807 1805 1115 1846 PHRONESIUM.

1525 1870 1592 1913 Ad
1623 1883 1688 1911 me
1720 1869 1824 1911 haec

296 1941 492 1985 luserant.

896 2028 1035 2070 GETA.

562 2097 725 2150 Ecquid
756 2097 924 2149 auditis,
956 2097 1063 2139 haec
1095 2111 1204 2150 quae
1234 2094 1442 2149 imperat?

297 2166 415 2208 Vasa
446 2167 541 2208 nolo
575 2168 789 2209 auferant:
823 2167 1037 2220 designari
1067 2166 1193 2209 lubet.
1750 2156 1822 2201 (30)

193 2364 274 2401 565.
300 2364 406 2401 codd.
426 2375 532 2399 omm.
557 2367 605 2399 at.
625 2364 767 2399 Deinde
792 2365 969 2408 praebent
1002 2374 1145 2398 mecum
1170 2374 1204 2407 p.
1232 2374 1330 2398 mare
1363 2362 1473 2407 quod.
1516 2361 1683 2405 Denique
1710 2360 1753 2396 V.
1781 2360 1825 2397 D.

99 2424 249 2459 subeste
273 2434 308 2468 p.
335 2423 474 2461 subest.
524 2424 604 2460 566.
632 2423 736 2459 codd.
764 2434 870 2459 omm.
896 2422 991 2458 huic.
1041 2422 1085 2459 V.
1112 2422 1156 2458 D.
1189 2432 1369 2465 nusquam
1394 2428 1548 2467 apparet,
1571 2420 1612 2456 P.
1639 2429 1826 2462 nunquam

98 2491 251 2530 apparet.
302 2483 347 2518 D.
380 2482 498 2517 dotari
539 2483 582 2519 V.
615 2483 659 2519 D.
693 2482 907 2526 acceptrice.
981 2482 1062 2517 567.
1095 2481 1140 2518 D.
1171 2482 1212 2516 P.
1244 2492 1349 2516 omm.
1383 2480 1485 2515 haec.
1518 2479 1623 2515 codd.
1656 2478 1826 2512 miserum

100 2554 168 2578 sua
191 2542 382 2579 blanditia.
432 2542 574 2577 Deinde
599 2542 732 2586 inpulit
756 2541 922 2586 Lipsius:
948 2541 1053 2578 codd.
1081 2540 1216 2576 intulit.
1265 2540 1345 2576 568.
1372 2539 1417 2574 V.
1444 2539 1489 2575 D.
1513 2537 1673 2581 priuabit
1692 2537 1730 2573 P.
1756 2536 1826 2579 pri-

99 2605 199 2638 uant.
226 2602 271 2637 V.
302 2601 430 2638 bones,
455 2601 499 2636 D.
526 2601 655 2637 bonas,
720 2601 800 2637 569.
834 2601 939 2637 codd.
971 2604 1064 2636 attat
1089 2611 1123 2644 p.
1151 2603 1198 2634 at.
1225 2600 1269 2635 D.
1297 2609 1356 2634 cre
1381 2609 1416 2642 p.
1443 2597 1562 2634 eredo.
1589 2596 1693 2631 codd.
1720 2606 1826 2632 omm.

100 2672 190 2697 eam.
240 2661 320 2698 570.
348 2661 387 2697 P.
413 2660 632 2704 alloquatur.
674 2661 755 2695 571.
774 2661 817 2696 D.
845 2660 1001 2695 saluarc.
1051 2659 1193 2693 Deinde
1218 2658 1270 2692 uti
1296 2657 1468 2692 Bothius:
1500 2655 1605 2692 codd.
1631 2658 1682 2689 ut.
1747 2654 1827 2688 572.

101 2720 146 2756 V.
171 2720 216 2756 D.
248 2720 358 2755 minu.
408 2719 489 2756 573.
523 2719 627 2754 codd.
659 2719 797 2755 ocellus
823 2723 909 2754 tuus
936 2730 970 2762 p.
997 2723 1080 2753 tuos
1107 2718 1246 2752 oculus.
1299 2717 1342 2753 V.
1371 2727 1428 2750 1110
1453 2715 1546 2750 ferre
1572 2725 1628 2748 ine
1653 2713 1730 2757 hec,
1757 2723 1825 2747 om.

99 2779 210 2813 iussit
241 2779 319 2813 tibi.
395 2778 475 2814 574.
502 2778 569 2813 hos
594 2778 768 2813 Bothius:
796 2778 899 2813 codd
927 2778 1022 2814 illos,
1095 2777 1176 2814 575.
1204 2776 1308 2812 codd.
1346 2775 1406 2819 pol
1444 2774 1542 2809 haud
1578 2773 1687 2817 perit,
1730 2770 1829 2814 quod

99 2837 212 2872 illum.
237 2837 344 2874 Both.
376 2837 499 2872 illunc.
550 2837 630 2872 576.
657 2838 703 2873 V.
730 2837 773 2873 D.
799 2846 950 2880 operare
976 2837 1015 2872 P.
1042 2846 1164 2879 opera.
1213 2834 1294 2868 577.
1319 2833 1364 2870 V.
1390 2836 1496 2877 grata
1521 2841 1658 2874 acaquc
1685 2832 1829 2864 ecastor

99 2897 229 2932 habeo.
279 2896 324 2934 D.
348 2898 389 2933 P.
416 2901 593 2943 grataque
631 2900 777 2932 ecastor
800 2895 929 2931 habeo.
980 2894 1121 2929 Deinde
1147 2894 1192 2930 V.
1219 2893 1264 2929 D.
1290 2891 1375 2926 iube
1401 2891 1531 2926 auferri
1558 2890 1652 2924 intro
1679 2889 1718 2924 P.
1743 2887 1828 2922 iube

102 2955 243 2990 auferre
266 2956 361 2991 intro
387 2956 478 2991 haec
504 2956 550 2991 ad
575 2966 643 2992 me.
695 2955 775 2991 578.
802 2955 847 2991 V.
874 2955 918 2990 D.
943 2954 1095 2990 ichiame
1121 2964 1156 2997 p.
1182 2951 1350 2996 inferant,
1376 2952 1416 2988 P.
1442 2951 1451 2984 i
1479 2950 1625 2995 Cyame.
1688 2946 1829 2981 Deinde

101 3014 218 3051 V.·D.
243 3014 334 3049 haec
360 3015 458 3059 quid,
484 3015 555 3049 nisi
581 3014 678 3058 quod
704 3014 748 3049 V.
775 3013 852 3050 hec.
877 3013 1044 3058 Denique
1063 3012 1107 3048 V.
1125 3011 1169 3047 D.
1195 3010 1313 3055 heque
1337 3013 1411 3044 tam
1437 3009 1600 3051 imperat,
1625 3007 1664 3043 P.
1690 3015 1828 3050 ecquae

102 3075 177 3107 tam
201 3073 366 3117 imperat.
438 3074 518 3110 579.
546 3073 591 3110 V.
616 3073 660 3110 D.
688 3083 799 3107 suasa
825 3072 864 3107 P.
892 3071 980 3108 suis.
1029 3068 1172 3105 Deinde
1211 3069 1316 3106 codd.
1342 3078 1466 3104 omnes
1493 3064 1668 3101 desiccari
1695 3066 1741 3109 (p.
1768 3062 1828 3098 dc-

103 3131 253 3177 signari)
277 3130 387 3169 iubet.
