<?xml version="1.0" encoding="UTF-8"?>
<!DOCTYPE html PUBLIC "-//W3C//DTD XHTML 1.0 Transitional//EN"
    "http://www.w3.org/TR/xhtml1/DTD/xhtml1-transitional.dtd">
<html xmlns="http://www.w3.org/1999/xhtml" xml:lang="en" lang="en">
 <head>
  <title>
</title>
<meta http-equiv="Content-Type" content="text/html;charset=utf-8" />
  <meta name='ocr-system' content='tesseract 3.04.00' />
  <meta name='ocr-capabilities' content='ocr_page ocr_carea ocr_par ocr_line ocrx_word'/>
</head>
<body>
  <div class='ocr_page' id='page_1' title='image "./truculentus00plauuoft_0042.png"; bbox 0 0 2022 3314; ppageno 0'>
   <div class='ocr_carea' id='block_1_1' title="bbox 223 75 1953 127">
    <p class='ocr_par' dir='ltr' id='par_1_1' title="bbox 223 75 1953 127">
     <span class='ocr_line' id='line_1_1' title="bbox 223 75 1953 127; baseline 0.01 -25"><span class='ocrx_word' id='word_1_1' title='bbox 223 76 279 117; x_wconf 79' lang='lat'>34</span> <span class='ocrx_word' id='word_1_2' title='bbox 999 75 1179 112; x_wconf 90' lang='lat' dir='ltr'>PLAUTI</span> <span class='ocrx_word' id='word_1_3' title='bbox 1678 79 1739 127; x_wconf 81' lang='grc' dir='ltr'>(Π,</span> <span class='ocrx_word' id='word_1_4' title='bbox 1765 82 1798 127; x_wconf 88' lang='lat'>5,</span> <span class='ocrx_word' id='word_1_5' title='bbox 1824 82 1953 127; x_wconf 83' lang='lat'>1-24)</span> 
     </span>
    </p>
   </div>
   <div class='ocr_carea' id='block_1_2' title="bbox 933 268 1242 312">
    <p class='ocr_par' dir='ltr' id='par_1_2' title="bbox 933 268 1242 312">
     <span class='ocr_line' id='line_1_2' title="bbox 933 268 1242 312; baseline 0.01 -3"><span class='ocrx_word' id='word_1_6' title='bbox 933 268 1242 312; x_wconf 65' lang='lat' dir='ltr'>Pmtormsnm.</span> 
     </span>
    </p>
   </div>
   <div class='ocr_carea' id='block_1_3' title="bbox 116 347 1952 2234">
    <p class='ocr_par' dir='ltr' id='par_1_3' title="bbox 116 347 1952 2234">
     <span class='ocr_line' id='line_1_3' title="bbox 221 347 1806 410; baseline 0.008 -22"><span class='ocrx_word' id='word_1_7' title='bbox 221 347 355 390; x_wconf 90' lang='lat' dir='ltr'>Puero</span> <span class='ocrx_word' id='word_1_8' title='bbox 387 348 454 390; x_wconf 84' lang='lat' dir='ltr'>isti</span> <span class='ocrx_word' id='word_1_9' title='bbox 487 348 585 391; x_wconf 86' lang='lat' dir='ltr'>date</span> <span class='ocrx_word' id='word_1_10' title='bbox 615 363 854 392; x_wconf 82' lang='lat' dir='ltr'>mammam.</span> <span class='ocrx_word' id='word_1_11' title='bbox 918 355 962 393; x_wconf 88' lang='lat' dir='ltr'>ut</span> <span class='ocrx_word' id='word_1_12' title='bbox 993 353 1173 395; x_wconf 75' lang='lat' dir='ltr'>miserae</span> <span class='ocrx_word' id='word_1_13' title='bbox 1202 357 1359 396; x_wconf 87' lang='lat' dir='ltr'>matres</span> <span class='ocrx_word' id='word_1_14' title='bbox 1391 355 1678 410; x_wconf 73' lang='lat' dir='ltr'>sullicitaeque</span> <span class='ocrx_word' id='word_1_15' title='bbox 1709 359 1806 401; x_wconf 89' lang='lat' dir='ltr'>sunt</span> 
     </span>
     <span class='ocr_line' id='line_1_4' title="bbox 220 418 1576 476; baseline 0.007 -18"><span class='ocrx_word' id='word_1_16' title='bbox 220 418 284 459; x_wconf 87' lang='lat' dir='ltr'>Ex</span> <span class='ocrx_word' id='word_1_17' title='bbox 316 418 455 459; x_wconf 62' lang='lat' dir='ltr'>animi»</span> <span class='ocrx_word' id='word_1_18' title='bbox 489 432 562 460; x_wconf 88' lang='lat' dir='ltr'>suo</span> <span class='ocrx_word' id='word_1_19' title='bbox 592 420 928 475; x_wconf 80' lang='lat' dir='ltr'>crucianturque!</span> <span class='ocrx_word' id='word_1_20' title='bbox 963 422 1114 476; x_wconf 82' lang='lat' dir='ltr'>edepol</span> <span class='ocrx_word' id='word_1_21' title='bbox 1145 424 1421 467; x_wconf 54' lang='lat' dir='ltr'>cimmentum</span> <span class='ocrx_word' id='word_1_22' title='bbox 1453 427 1576 469; x_wconf 79' lang='lat' dir='ltr'>male.</span> 
     </span>
     <span class='ocr_line' id='line_1_5' title="bbox 221 488 1848 552; baseline 0.008 -23"><span class='ocrx_word' id='word_1_23' title='bbox 221 488 409 541; x_wconf 80' lang='lat' dir='ltr'>Cumque</span> <span class='ocrx_word' id='word_1_24' title='bbox 441 489 533 531; x_wconf 79' lang='lat' dir='ltr'>eam</span> <span class='ocrx_word' id='word_1_25' title='bbox 565 503 651 531; x_wconf 90' lang='lat' dir='ltr'>rem</span> <span class='ocrx_word' id='word_1_26' title='bbox 683 492 725 531; x_wconf 92' lang='lat' dir='ltr'>in</span> <span class='ocrx_word' id='word_1_27' title='bbox 757 491 882 533; x_wconf 90' lang='lat' dir='ltr'>corde</span> <span class='ocrx_word' id='word_1_28' title='bbox 914 492 1040 546; x_wconf 70' lang='lat' dir='ltr'>agite,</span> <span class='ocrx_word' id='word_1_29' title='bbox 1073 493 1199 534; x_wconf 88' lang='lat' dir='ltr'>nimio</span> <span class='ocrx_word' id='word_1_30' title='bbox 1231 495 1368 537; x_wconf 91' lang='lat' dir='ltr'>minus</span> <span class='ocrx_word' id='word_1_31' title='bbox 1399 496 1665 549; x_wconf 80' lang='lat' dir='ltr'>perhibemur</span> <span class='ocrx_word' id='word_1_32' title='bbox 1696 499 1848 552; x_wconf 77' lang='lat' dir='ltr'>malae,</span> 
     </span>
     <span class='ocr_line' id='line_1_6' title="bbox 125 558 1664 616; baseline 0.004 -12"><span class='ocrx_word' id='word_1_33' title='bbox 125 570 196 604; x_wconf 82' lang='lat'>450</span> <span class='ocrx_word' id='word_1_34' title='bbox 222 558 356 608; x_wconf 81' lang='lat' dir='ltr'>Quam</span> <span class='ocrx_word' id='word_1_35' title='bbox 389 572 532 601; x_wconf 88' lang='lat' dir='ltr'>sumus</span> <span class='ocrx_word' id='word_1_36' title='bbox 564 560 744 613; x_wconf 84' lang='lat' dir='ltr'>ingenio.</span> <span class='ocrx_word' id='word_1_37' title='bbox 777 560 821 602; x_wconf 90' lang='lat' dir='ltr'>id</span> <span class='ocrx_word' id='word_1_38' title='bbox 852 574 931 615; x_wconf 85' lang='lat' dir='ltr'>ego</span> <span class='ocrx_word' id='word_1_39' title='bbox 964 565 1141 616; x_wconf 89' lang='lat' dir='ltr'>primum</span> <span class='ocrx_word' id='word_1_40' title='bbox 1173 562 1227 605; x_wconf 93' lang='lat' dir='ltr'>de</span> <span class='ocrx_word' id='word_1_41' title='bbox 1257 578 1323 606; x_wconf 87' lang='lat' dir='ltr'>me</span> <span class='ocrx_word' id='word_1_42' title='bbox 1355 564 1479 607; x_wconf 69' lang='lat' dir='ltr'>decta</span> <span class='ocrx_word' id='word_1_43' title='bbox 1510 567 1664 610; x_wconf 77' lang='lat' dir='ltr'>dictitu.</span> 
     </span>
     <span class='ocr_line' id='line_1_7' title="bbox 338 628 1952 689; baseline 0.005 -20"><span class='ocrx_word' id='word_1_44' title='bbox 338 628 506 678; x_wconf 78' lang='lat' dir='ltr'>Quanta</span> <span class='ocrx_word' id='word_1_45' title='bbox 537 629 601 671; x_wconf 81' lang='lat' dir='ltr'>est</span> <span class='ocrx_word' id='word_1_46' title='bbox 631 643 732 672; x_wconf 88' lang='lat' dir='ltr'>cura</span> <span class='ocrx_word' id='word_1_47' title='bbox 762 630 802 672; x_wconf 90' lang='lat' dir='ltr'>iu</span> <span class='ocrx_word' id='word_1_48' title='bbox 836 631 986 685; x_wconf 75' lang='lat' dir='ltr'>animo,</span> <span class='ocrx_word' id='word_1_49' title='bbox 1020 634 1222 685; x_wconf 87' lang='lat' dir='ltr'>quantum</span> <span class='ocrx_word' id='word_1_50' title='bbox 1254 633 1381 676; x_wconf 90' lang='lat' dir='ltr'>corde</span> <span class='ocrx_word' id='word_1_51' title='bbox 1411 636 1534 689; x_wconf 80' lang='lat' dir='ltr'>capio</span> <span class='ocrx_word' id='word_1_52' title='bbox 1900 632 1952 677; x_wconf 84' lang='lat'>(5)</span> 
     </span>
     <span class='ocr_line' id='line_1_8' title="bbox 336 698 1303 756; baseline 0.005 -17"><span class='ocrx_word' id='word_1_53' title='bbox 336 698 545 751; x_wconf 67' lang='lat' dir='ltr'>Dolbrem,</span> <span class='ocrx_word' id='word_1_54' title='bbox 579 698 698 742; x_wconf 88' lang='lat' dir='ltr'>dolus</span> <span class='ocrx_word' id='word_1_55' title='bbox 729 714 782 743; x_wconf 91' lang='grc'>116</span> <span class='ocrx_word' id='word_1_56' title='bbox 812 701 976 743; x_wconf 80' lang='lat' dir='ltr'>occidat</span> <span class='ocrx_word' id='word_1_57' title='bbox 1006 707 1138 745; x_wconf 87' lang='lat' dir='ltr'>morte</span> <span class='ocrx_word' id='word_1_58' title='bbox 1169 703 1303 756; x_wconf 86' lang='lat' dir='ltr'>pueri!</span> 
     </span>
     <span class='ocr_line' id='line_1_9' title="bbox 337 768 1478 828; baseline 0.009 -20"><span class='ocrx_word' id='word_1_59' title='bbox 337 768 470 810; x_wconf 73' lang='lat' dir='ltr'>Mater</span> <span class='ocrx_word' id='word_1_60' title='bbox 501 768 613 811; x_wconf 83' lang='lat' dir='ltr'>dicta</span> <span class='ocrx_word' id='word_1_61' title='bbox 644 770 756 823; x_wconf 74' lang='lat' dir='ltr'>quud</span> <span class='ocrx_word' id='word_1_62' title='bbox 787 784 892 824; x_wconf 82' lang='lat' dir='ltr'>sum,</span> <span class='ocrx_word' id='word_1_63' title='bbox 926 784 975 813; x_wconf 89' lang='lat' dir='ltr'>eo</span> <span class='ocrx_word' id='word_1_64' title='bbox 1006 774 1142 826; x_wconf 85' lang='lat' dir='ltr'>magis</span> <span class='ocrx_word' id='word_1_65' title='bbox 1174 773 1322 815; x_wconf 85' lang='lat' dir='ltr'>studeo</span> <span class='ocrx_word' id='word_1_66' title='bbox 1355 776 1478 828; x_wconf 86' lang='lat' dir='ltr'>vitae,</span> 
     </span>
     <span class='ocr_line' id='line_1_10' title="bbox 337 839 1617 899; baseline 0.007 -20"><span class='ocrx_word' id='word_1_67' title='bbox 337 842 454 888; x_wconf 72' lang='lat' dir='ltr'>Quae</span> <span class='ocrx_word' id='word_1_68' title='bbox 485 839 594 882; x_wconf 90' lang='lat' dir='ltr'>hunc</span> <span class='ocrx_word' id='word_1_69' title='bbox 625 842 730 883; x_wconf 88' lang='lat' dir='ltr'>ausa</span> <span class='ocrx_word' id='word_1_70' title='bbox 762 855 854 884; x_wconf 91' lang='lat' dir='ltr'>sum</span> <span class='ocrx_word' id='word_1_71' title='bbox 884 842 1044 884; x_wconf 78' lang='lat' dir='ltr'>tuntum</span> <span class='ocrx_word' id='word_1_72' title='bbox 1077 842 1219 885; x_wconf 89' lang='lat' dir='ltr'>dolum</span> <span class='ocrx_word' id='word_1_73' title='bbox 1250 844 1358 885; x_wconf 89' lang='lat' dir='ltr'>clam</span> <span class='ocrx_word' id='word_1_74' title='bbox 1392 845 1617 899; x_wconf 85' lang='lat' dir='ltr'>adgrediri.</span> 
     </span>
     <span class='ocr_line' id='line_1_11' title="bbox 123 911 1402 965; baseline 0.005 -16"><span class='ocrx_word' id='word_1_75' title='bbox 123 911 193 944; x_wconf 73' lang='lat'>455</span> <span class='ocrx_word' id='word_1_76' title='bbox 337 911 459 951; x_wconf 89' lang='lat' dir='ltr'>Lucri</span> <span class='ocrx_word' id='word_1_77' title='bbox 491 924 643 953; x_wconf 80' lang='lat' dir='ltr'>caussa</span> <span class='ocrx_word' id='word_1_78' title='bbox 673 911 806 953; x_wconf 76' lang='lat' dir='ltr'>avara</span> <span class='ocrx_word' id='word_1_79' title='bbox 838 913 1032 965; x_wconf 79' lang='lat' dir='ltr'>probrum</span> <span class='ocrx_word' id='word_1_80' title='bbox 1065 927 1155 955; x_wconf 90' lang='lat' dir='ltr'>sum</span> <span class='ocrx_word' id='word_1_81' title='bbox 1187 915 1402 956; x_wconf 79' lang='lat' dir='ltr'>exsecuta:</span> 
     </span>
     <span class='ocr_line' id='line_1_12' title="bbox 335 980 1100 1036; baseline 0.007 -16"><span class='ocrx_word' id='word_1_82' title='bbox 335 980 507 1022; x_wconf 79' lang='lat' dir='ltr'>Alic&#39;nos</span> <span class='ocrx_word' id='word_1_83' title='bbox 539 980 704 1023; x_wconf 72' lang='lat' dir='ltr'>doleres</span> <span class='ocrx_word' id='word_1_84' title='bbox 736 982 837 1023; x_wconf 89' lang='lat' dir='ltr'>mihi</span> <span class='ocrx_word' id='word_1_85' title='bbox 869 983 1100 1036; x_wconf 74' lang='lat' dir='ltr'>supposivi.</span> 
     </span>
     <span class='ocr_line' id='line_1_13' title="bbox 334 1049 1357 1108; baseline 0.006 -18"><span class='ocrx_word' id='word_1_86' title='bbox 334 1049 419 1091; x_wconf 61' lang='lat' dir='ltr'>Sed</span> <span class='ocrx_word' id='word_1_87' title='bbox 449 1051 608 1092; x_wconf 88' lang='lat' dir='ltr'>nullam</span> <span class='ocrx_word' id='word_1_88' title='bbox 640 1065 725 1094; x_wconf 89' lang='lat' dir='ltr'>rem</span> <span class='ocrx_word' id='word_1_89' title='bbox 759 1052 921 1106; x_wconf 70' lang='lat' dir='ltr'>opertet</span> <span class='ocrx_word' id='word_1_90' title='bbox 953 1052 1098 1096; x_wconf 77' lang='lat' dir='ltr'>doluse</span> <span class='ocrx_word' id='word_1_91' title='bbox 1130 1054 1357 1108; x_wconf 83' lang='lat' dir='ltr'>adgrediri,</span> 
     </span>
     <span class='ocr_line' id='line_1_14' title="bbox 334 1120 1952 1178; baseline 0.004 -17"><span class='ocrx_word' id='word_1_92' title='bbox 334 1120 424 1162; x_wconf 79' lang='lat' dir='ltr'>Nisi</span> <span class='ocrx_word' id='word_1_93' title='bbox 456 1121 593 1164; x_wconf 75' lang='lat' dir='ltr'>astute</span> <span class='ocrx_word' id='word_1_94' title='bbox 625 1136 718 1164; x_wconf 90' lang='lat' dir='ltr'>eam</span> <span class='ocrx_word' id='word_1_95' title='bbox 750 1123 1029 1177; x_wconf 77' lang='lat' dir='ltr'>accurateque</span> <span class='ocrx_word' id='word_1_96' title='bbox 1061 1125 1307 1178; x_wconf 82' lang='lat' dir='ltr'>exsequare.</span> <span class='ocrx_word' id='word_1_97' title='bbox 1877 1123 1952 1167; x_wconf 90' lang='lat'>(10)</span> 
     </span>
     <span class='ocr_line' id='line_1_15' title="bbox 334 1180 1583 1246; baseline 0.006 -15"><span class='ocrx_word' id='word_1_98' title='bbox 334 1190 506 1233; x_wconf 75' lang='lat' dir='ltr'>Vosmet</span> <span class='ocrx_word' id='word_1_99' title='bbox 536 1192 620 1234; x_wconf 87' lang='lat' dir='ltr'>iam</span> <span class='ocrx_word' id='word_1_100' title='bbox 652 1193 818 1246; x_wconf 77' lang='lat' dir='ltr'>videtis,</span> <span class='ocrx_word' id='word_1_101' title='bbox 851 1198 896 1236; x_wconf 85' lang='lat' dir='ltr'>ut</span> <span class='ocrx_word' id='word_1_102' title='bbox 927 1193 1075 1235; x_wconf 78' lang='lat' dir='ltr'>ornata</span> <span class='ocrx_word' id='word_1_103' title='bbox 1106 1194 1274 1237; x_wconf 78' lang='lat' dir='ltr'>incedo:</span> <span class='ocrx_word' id='word_1_104' title='bbox 1576 1180 1583 1186; x_wconf 22' lang='grc' dir='ltr'><strong>Χ</strong></span> 
     </span>
     <span class='ocr_line' id='line_1_16' title="bbox 120 1260 1524 1320; baseline 0.006 -22"><span class='ocrx_word' id='word_1_105' title='bbox 120 1264 192 1299; x_wconf 87' lang='grc'>460</span> <span class='ocrx_word' id='word_1_106' title='bbox 333 1260 560 1314; x_wconf 81' lang='lat' dir='ltr'>Puerpcrio</span> <span class='ocrx_word' id='word_1_107' title='bbox 591 1262 670 1316; x_wconf 80' lang='lat' dir='ltr'>ego</span> <span class='ocrx_word' id='word_1_108' title='bbox 701 1276 812 1305; x_wconf 90' lang='grc'>1111116</span> <span class='ocrx_word' id='word_1_109' title='bbox 843 1264 939 1306; x_wconf 84' lang='grc'>1116(1</span> <span class='ocrx_word' id='word_1_110' title='bbox 971 1264 1066 1307; x_wconf 78' lang='lat' dir='ltr'>esse</span> <span class='ocrx_word' id='word_1_111' title='bbox 1097 1279 1271 1320; x_wconf 83' lang='lat' dir='ltr'>aegram</span> <span class='ocrx_word' id='word_1_112' title='bbox 1303 1265 1524 1308; x_wconf 83' lang='lat' dir='ltr'>adsimulo.</span> 
     </span>
     <span class='ocr_line' id='line_1_17' title="bbox 216 1332 1661 1390; baseline 0.003 -17"><span class='ocrx_word' id='word_1_113' title='bbox 216 1333 325 1375; x_wconf 75' lang='lat' dir='ltr'>Male</span> <span class='ocrx_word' id='word_1_114' title='bbox 357 1333 469 1386; x_wconf 88' lang='lat' dir='ltr'>quod</span> <span class='ocrx_word' id='word_1_115' title='bbox 500 1333 648 1375; x_wconf 91' lang='grc'>111111161·</span> <span class='ocrx_word' id='word_1_116' title='bbox 679 1332 819 1376; x_wconf 86' lang='lat' dir='ltr'>facere</span> <span class='ocrx_word' id='word_1_117' title='bbox 850 1334 1017 1388; x_wconf 69' lang='lat' dir='ltr'>incepit,</span> <span class='ocrx_word' id='word_1_118' title='bbox 1050 1336 1131 1378; x_wconf 89' lang='lat' dir='ltr'>nisi</span> <span class='ocrx_word' id='word_1_119' title='bbox 1161 1336 1204 1378; x_wconf 91' lang='lat' dir='ltr'>id</span> <span class='ocrx_word' id='word_1_120' title='bbox 1236 1336 1402 1378; x_wconf 84' lang='lat' dir='ltr'>efficere</span> <span class='ocrx_word' id='word_1_121' title='bbox 1434 1336 1661 1390; x_wconf 78' lang='lat' dir='ltr'>perpetrat,</span> 
     </span>
     <span class='ocr_line' id='line_1_18' title="bbox 214 1396 1616 1456; baseline 0.001 -12"><span class='ocrx_word' id='word_1_122' title='bbox 214 1403 262 1444; x_wconf 92' lang='lat' dir='ltr'>Id</span> <span class='ocrx_word' id='word_1_123' title='bbox 292 1403 352 1444; x_wconf 91' lang='lat' dir='ltr'>illi</span> <span class='ocrx_word' id='word_1_124' title='bbox 383 1404 541 1456; x_wconf 71' lang='lat' dir='ltr'>morbo,</span> <span class='ocrx_word' id='word_1_125' title='bbox 572 1403 617 1444; x_wconf 90' lang='lat' dir='ltr'>id</span> <span class='ocrx_word' id='word_1_126' title='bbox 647 1403 708 1445; x_wconf 91' lang='lat' dir='ltr'>illi</span> <span class='ocrx_word' id='word_1_127' title='bbox 740 1404 870 1454; x_wconf 79' lang='lat' dir='ltr'>senio,</span> <span class='ocrx_word' id='word_1_128' title='bbox 903 1419 954 1447; x_wconf 91' lang='lat' dir='ltr'>ea</span> <span class='ocrx_word' id='word_1_129' title='bbox 984 1406 1043 1447; x_wconf 92' lang='lat' dir='ltr'>illi</span> <span class='ocrx_word' id='word_1_130' title='bbox 1074 1407 1252 1449; x_wconf 76' lang='lat' dir='ltr'>miserae</span> <span class='ocrx_word' id='word_1_131' title='bbox 1284 1406 1454 1449; x_wconf 85' lang='lat' dir='ltr'>miseria</span> <span class='ocrx_word' id='word_1_132' title='bbox 1486 1407 1562 1448; x_wconf 82' lang='lat' dir='ltr'>est.</span> <span class='ocrx_word' id='word_1_133' title='bbox 1610 1396 1616 1400; x_wconf 46' lang='lat'><strong><em>⁴</em></strong></span> 
     </span>
     <span class='ocr_line' id='line_1_19' title="bbox 214 1473 1535 1530; baseline 0.002 -16"><span class='ocrx_word' id='word_1_134' title='bbox 214 1473 327 1515; x_wconf 89' lang='lat' dir='ltr'>Bene</span> <span class='ocrx_word' id='word_1_135' title='bbox 360 1474 395 1515; x_wconf 88' lang='lat' dir='ltr'>si</span> <span class='ocrx_word' id='word_1_136' title='bbox 426 1473 565 1516; x_wconf 76' lang='lat' dir='ltr'>fucere</span> <span class='ocrx_word' id='word_1_137' title='bbox 596 1473 765 1528; x_wconf 84' lang='lat' dir='ltr'>incepit,</span> <span class='ocrx_word' id='word_1_138' title='bbox 798 1475 886 1517; x_wconf 77' lang='lat' dir='ltr'>cius</span> <span class='ocrx_word' id='word_1_139' title='bbox 918 1476 1029 1518; x_wconf 89' lang='lat' dir='ltr'>enim</span> <span class='ocrx_word' id='word_1_140' title='bbox 1061 1477 1141 1519; x_wconf 78' lang='lat' dir='ltr'>cito</span> <span class='ocrx_word' id='word_1_141' title='bbox 1173 1476 1315 1519; x_wconf 70' lang='lat' dir='ltr'>Odium</span> <span class='ocrx_word' id='word_1_142' title='bbox 1346 1476 1535 1530; x_wconf 77' lang='lat' dir='ltr'>percipit.</span> 
     </span>
     <span class='ocr_line' id='line_1_20' title="bbox 215 1540 1946 1601; baseline 0 -17"><span class='ocrx_word' id='word_1_143' title='bbox 215 1543 348 1585; x_wconf 80' lang='lat' dir='ltr'>Nimis</span> <span class='ocrx_word' id='word_1_144' title='bbox 381 1557 505 1597; x_wconf 88' lang='lat' dir='ltr'>quam</span> <span class='ocrx_word' id='word_1_145' title='bbox 538 1544 701 1597; x_wconf 78' lang='lat' dir='ltr'>paucae</span> <span class='ocrx_word' id='word_1_146' title='bbox 733 1549 828 1587; x_wconf 85' lang='lat' dir='ltr'>sunt</span> <span class='ocrx_word' id='word_1_147' title='bbox 860 1545 1066 1600; x_wconf 75' lang='lat' dir='ltr'>defessae,</span> <span class='ocrx_word' id='word_1_148' title='bbox 1100 1547 1210 1589; x_wconf 84' lang='lat' dir='ltr'>male</span> <span class='ocrx_word' id='word_1_149' title='bbox 1243 1561 1351 1601; x_wconf 89' lang='lat' dir='ltr'>quae</span> <span class='ocrx_word' id='word_1_150' title='bbox 1382 1546 1521 1588; x_wconf 74' lang='lat' dir='ltr'>facere</span> <span class='ocrx_word' id='word_1_151' title='bbox 1552 1547 1815 1600; x_wconf 87' lang='lat' dir='ltr'>occeperunt,</span> <span class='ocrx_word' id='word_1_152' title='bbox 1871 1540 1946 1585; x_wconf 85' lang='lat'>(15)</span> 
     </span>
     <span class='ocr_line' id='line_1_21' title="bbox 118 1614 1717 1672; baseline 0.002 -17"><span class='ocrx_word' id='word_1_153' title='bbox 118 1615 188 1649; x_wconf 74' lang='lat'>465</span> <span class='ocrx_word' id='word_1_154' title='bbox 215 1614 346 1656; x_wconf 78' lang='lat' dir='ltr'>Nimis</span> <span class='ocrx_word' id='word_1_155' title='bbox 379 1628 503 1667; x_wconf 90' lang='lat' dir='ltr'>quam</span> <span class='ocrx_word' id='word_1_156' title='bbox 536 1615 697 1668; x_wconf 84' lang='lat' dir='ltr'>paucae</span> <span class='ocrx_word' id='word_1_157' title='bbox 729 1614 927 1668; x_wconf 82' lang='lat' dir='ltr'>efficiunt,</span> <span class='ocrx_word' id='word_1_158' title='bbox 962 1618 996 1658; x_wconf 89' lang='lat' dir='ltr'>si</span> <span class='ocrx_word' id='word_1_159' title='bbox 1029 1616 1129 1670; x_wconf 91' lang='lat' dir='ltr'>quid</span> <span class='ocrx_word' id='word_1_160' title='bbox 1160 1615 1299 1660; x_wconf 86' lang='lat' dir='ltr'>facere</span> <span class='ocrx_word' id='word_1_161' title='bbox 1331 1617 1569 1672; x_wconf 76' lang='lat' dir='ltr'>occeperint</span> <span class='ocrx_word' id='word_1_162' title='bbox 1600 1617 1717 1660; x_wconf 75' lang='lat' dir='ltr'>bene.</span> 
     </span>
     <span class='ocr_line' id='line_1_22' title="bbox 211 1684 1531 1742; baseline 0.003 -17"><span class='ocrx_word' id='word_1_163' title='bbox 211 1684 373 1726; x_wconf 83' lang='lat' dir='ltr'>Mulieri</span> <span class='ocrx_word' id='word_1_164' title='bbox 404 1685 529 1726; x_wconf 88' lang='lat' dir='ltr'>nimio</span> <span class='ocrx_word' id='word_1_165' title='bbox 562 1684 815 1727; x_wconf 75' lang='lat' dir='ltr'>malefacere</span> <span class='ocrx_word' id='word_1_166' title='bbox 846 1686 979 1729; x_wconf 81' lang='lat' dir='ltr'>levius</span> <span class='ocrx_word' id='word_1_167' title='bbox 1012 1687 1116 1729; x_wconf 79' lang='lat' dir='ltr'>onus</span> <span class='ocrx_word' id='word_1_168' title='bbox 1148 1692 1223 1741; x_wconf 89' lang='lat' dir='ltr'>cst,</span> <span class='ocrx_word' id='word_1_169' title='bbox 1255 1701 1381 1742; x_wconf 90' lang='lat' dir='ltr'>quam</span> <span class='ocrx_word' id='word_1_170' title='bbox 1413 1687 1531 1731; x_wconf 80' lang='lat' dir='ltr'>bene.</span> 
     </span>
     <span class='ocr_line' id='line_1_23' title="bbox 210 1754 1837 1811; baseline 0.004 -16"><span class='ocrx_word' id='word_1_171' title='bbox 210 1755 301 1808; x_wconf 84' lang='lat' dir='ltr'>Ego</span> <span class='ocrx_word' id='word_1_172' title='bbox 333 1754 445 1808; x_wconf 88' lang='lat' dir='ltr'>quod</span> <span class='ocrx_word' id='word_1_173' title='bbox 476 1755 589 1796; x_wconf 80' lang='lat' dir='ltr'>mala</span> <span class='ocrx_word' id='word_1_174' title='bbox 620 1769 724 1809; x_wconf 86' lang='lat' dir='ltr'>sum,</span> <span class='ocrx_word' id='word_1_175' title='bbox 757 1756 902 1798; x_wconf 83' lang='lat' dir='ltr'>matris</span> <span class='ocrx_word' id='word_1_176' title='bbox 934 1756 1064 1810; x_wconf 76' lang='lat' dir='ltr'>opera</span> <span class='ocrx_word' id='word_1_177' title='bbox 1093 1758 1207 1799; x_wconf 88' lang='lat' dir='ltr'>mala</span> <span class='ocrx_word' id='word_1_178' title='bbox 1237 1771 1328 1800; x_wconf 85' lang='lat' dir='ltr'>sum</span> <span class='ocrx_word' id='word_1_179' title='bbox 1360 1761 1400 1800; x_wconf 84' lang='lat' dir='ltr'>et</span> <span class='ocrx_word' id='word_1_180' title='bbox 1431 1757 1598 1811; x_wconf 78' lang='lat' dir='ltr'>meapte</span> <span class='ocrx_word' id='word_1_181' title='bbox 1629 1757 1803 1800; x_wconf 77' lang='lat' dir='ltr'>malitia.</span> <span class='ocrx_word' id='word_1_182' title='bbox 1831 1797 1837 1802; x_wconf 88' lang='lat'>.</span> 
     </span>
     <span class='ocr_line' id='line_1_24' title="bbox 211 1824 1525 1883; baseline 0.002 -17"><span class='ocrx_word' id='word_1_183' title='bbox 211 1824 328 1874; x_wconf 83' lang='lat' dir='ltr'>Quae</span> <span class='ocrx_word' id='word_1_184' title='bbox 361 1839 425 1867; x_wconf 90' lang='lat' dir='ltr'>me</span> <span class='ocrx_word' id='word_1_185' title='bbox 456 1825 679 1879; x_wconf 79' lang='lat' dir='ltr'>gravidam</span> <span class='ocrx_word' id='word_1_186' title='bbox 711 1840 804 1869; x_wconf 79' lang='lat' dir='ltr'>esse</span> <span class='ocrx_word' id='word_1_187' title='bbox 837 1826 1090 1870; x_wconf 73' lang='lat' dir='ltr'>adsimulavi</span> <span class='ocrx_word' id='word_1_188' title='bbox 1120 1828 1240 1870; x_wconf 84' lang='lat' dir='ltr'>militi</span> <span class='ocrx_word' id='word_1_189' title='bbox 1270 1827 1525 1883; x_wconf 72' lang='lat' dir='ltr'>Babyloniu:</span> 
     </span>
     <span class='ocr_line' id='line_1_25' title="bbox 212 1892 1947 1941; baseline 0.003 -5"><span class='ocrx_word' id='word_1_190' title='bbox 212 1896 317 1939; x_wconf 84' lang='lat' dir='ltr'>Eam</span> <span class='ocrx_word' id='word_1_191' title='bbox 349 1910 459 1938; x_wconf 88' lang='grc'>1111116</span> <span class='ocrx_word' id='word_1_192' title='bbox 491 1896 693 1937; x_wconf 78' lang='lat' dir='ltr'>malitiam</span> <span class='ocrx_word' id='word_1_193' title='bbox 725 1897 966 1939; x_wconf 78' lang='lat' dir='ltr'>accuratam</span> <span class='ocrx_word' id='word_1_194' title='bbox 998 1898 1117 1941; x_wconf 86' lang='lat' dir='ltr'>miles</span> <span class='ocrx_word' id='word_1_195' title='bbox 1149 1898 1336 1941; x_wconf 84' lang='lat' dir='ltr'>inveniat</span> <span class='ocrx_word' id='word_1_196' title='bbox 1366 1898 1474 1940; x_wconf 75' lang='lat' dir='ltr'>volo.</span> <span class='ocrx_word' id='word_1_197' title='bbox 1872 1892 1947 1937; x_wconf 79' lang='lat'>(20)</span> 
     </span>
     <span class='ocr_line' id='line_1_26' title="bbox 116 1965 1851 2022; baseline 0.002 -16"><span class='ocrx_word' id='word_1_198' title='bbox 116 1966 186 2000; x_wconf 72' lang='grc'>470</span> <span class='ocrx_word' id='word_1_199' title='bbox 212 1966 252 2007; x_wconf 87' lang='lat' dir='ltr'>Is</span> <span class='ocrx_word' id='word_1_200' title='bbox 284 1965 351 2007; x_wconf 89' lang='grc'>1116</span> <span class='ocrx_word' id='word_1_201' title='bbox 384 1965 496 2008; x_wconf 84' lang='lat' dir='ltr'>haud</span> <span class='ocrx_word' id='word_1_202' title='bbox 528 1968 655 2008; x_wconf 86' lang='lat' dir='ltr'>multo</span> <span class='ocrx_word' id='word_1_203' title='bbox 688 1971 784 2021; x_wconf 84' lang='lat' dir='ltr'>post</span> <span class='ocrx_word' id='word_1_204' title='bbox 814 1968 939 2010; x_wconf 82' lang='lat' dir='ltr'>credo</span> <span class='ocrx_word' id='word_1_205' title='bbox 971 1968 1125 2011; x_wconf 77' lang='lat' dir='ltr'>aderit:</span> <span class='ocrx_word' id='word_1_206' title='bbox 1158 1982 1268 2011; x_wconf 88' lang='lat' dir='ltr'>nunc</span> <span class='ocrx_word' id='word_1_207' title='bbox 1300 1969 1414 2022; x_wconf 87' lang='lat' dir='ltr'>prius</span> <span class='ocrx_word' id='word_1_208' title='bbox 1445 1967 1681 2022; x_wconf 78' lang='lat' dir='ltr'>praecaveo</span> <span class='ocrx_word' id='word_1_209' title='bbox 1713 1967 1851 2010; x_wconf 79' lang='lat' dir='ltr'>sciens</span> 
     </span>
     <span class='ocr_line' id='line_1_27' title="bbox 211 2037 1626 2093; baseline 0.001 -15"><span class='ocrx_word' id='word_1_210' title='bbox 211 2037 400 2090; x_wconf 88' lang='lat' dir='ltr'>Eumque</span> <span class='ocrx_word' id='word_1_211' title='bbox 431 2038 622 2079; x_wconf 74' lang='lat' dir='ltr'>ornatum</span> <span class='ocrx_word' id='word_1_212' title='bbox 652 2037 814 2091; x_wconf 85' lang='lat' dir='ltr'>induta,</span> <span class='ocrx_word' id='word_1_213' title='bbox 847 2039 1028 2093; x_wconf 77' lang='lat' dir='ltr'>gravida</span> <span class='ocrx_word' id='word_1_214' title='bbox 1059 2039 1181 2093; x_wconf 90' lang='lat' dir='ltr'>quasi</span> <span class='ocrx_word' id='word_1_215' title='bbox 1212 2039 1433 2093; x_wconf 75' lang='lat' dir='ltr'>puerperio</span> <span class='ocrx_word' id='word_1_216' title='bbox 1466 2038 1626 2082; x_wconf 75' lang='lat' dir='ltr'>cubem.</span> 
     </span>
     <span class='ocr_line' id='line_1_28' title="bbox 208 2107 1946 2163; baseline 0.001 -16"><span class='ocrx_word' id='word_1_217' title='bbox 208 2107 318 2149; x_wconf 84' lang='lat' dir='ltr'>Date</span> <span class='ocrx_word' id='word_1_218' title='bbox 349 2107 403 2148; x_wconf 89' lang='lat' dir='ltr'>mi</span> <span class='ocrx_word' id='word_1_219' title='bbox 435 2107 515 2150; x_wconf 90' lang='lat' dir='ltr'>huc</span> <span class='ocrx_word' id='word_1_220' title='bbox 538 2109 714 2151; x_wconf 71' lang='lat' dir='ltr'>stactam</span> <span class='ocrx_word' id='word_1_221' title='bbox 738 2112 863 2161; x_wconf 87' lang='lat' dir='ltr'>atque</span> <span class='ocrx_word' id='word_1_222' title='bbox 885 2109 1027 2163; x_wconf 85' lang='lat' dir='ltr'>ignem</span> <span class='ocrx_word' id='word_1_223' title='bbox 1048 2109 1090 2151; x_wconf 89' lang='grc'>111</span> <span class='ocrx_word' id='word_1_224' title='bbox 1113 2110 1243 2163; x_wconf 80' lang='lat' dir='ltr'>aram,</span> <span class='ocrx_word' id='word_1_225' title='bbox 1278 2115 1321 2152; x_wconf 87' lang='lat' dir='ltr'>ut</span> <span class='ocrx_word' id='word_1_226' title='bbox 1351 2123 1547 2152; x_wconf 76' lang='lat' dir='ltr'>venerem</span> <span class='ocrx_word' id='word_1_227' title='bbox 1569 2108 1772 2151; x_wconf 78' lang='lat' dir='ltr'>Lucinam</span> <span class='ocrx_word' id='word_1_228' title='bbox 1796 2109 1946 2151; x_wconf 79' lang='lat' dir='ltr'>meam.</span> 
     </span>
     <span class='ocr_line' id='line_1_29' title="bbox 209 2177 1491 2234; baseline 0.002 -16"><span class='ocrx_word' id='word_1_229' title='bbox 209 2177 285 2219; x_wconf 87' lang='lat' dir='ltr'>Hic</span> <span class='ocrx_word' id='word_1_230' title='bbox 317 2178 516 2230; x_wconf 72' lang='lat' dir='ltr'>appunite</span> <span class='ocrx_word' id='word_1_231' title='bbox 548 2185 673 2233; x_wconf 84' lang='lat' dir='ltr'>atque</span> <span class='ocrx_word' id='word_1_232' title='bbox 705 2180 818 2222; x_wconf 82' lang='lat' dir='ltr'>abite</span> <span class='ocrx_word' id='word_1_233' title='bbox 850 2180 902 2221; x_wconf 73' lang='lat' dir='ltr'>al»</span> <span class='ocrx_word' id='word_1_234' title='bbox 934 2180 1077 2223; x_wconf 87' lang='lat' dir='ltr'>oculis.</span> <span class='ocrx_word' id='word_1_235' title='bbox 1112 2180 1211 2222; x_wconf 77' lang='lat' dir='ltr'>eho!</span> <span class='ocrx_word' id='word_1_236' title='bbox 1246 2180 1491 2234; x_wconf 88' lang='lat' dir='ltr'>Pithecium,</span> 
     </span>
    </p>
   </div>
   <div class='ocr_carea' id='block_1_4' title="bbox 198 2327 1946 3195">
    <p class='ocr_par' dir='ltr' id='par_1_4' title="bbox 198 2327 1946 3195">
     <span class='ocr_line' id='line_1_30' title="bbox 299 2327 1946 2366; baseline 0.001 -5"><span class='ocrx_word' id='word_1_237' title='bbox 299 2327 380 2363; x_wconf 89' lang='lat'>447.</span> <span class='ocrx_word' id='word_1_238' title='bbox 405 2327 451 2363; x_wconf 90' lang='lat' dir='ltr'>V.</span> <span class='ocrx_word' id='word_1_239' title='bbox 477 2338 704 2365; x_wconf 84' lang='lat' dir='ltr'>amammam.</span> <span class='ocrx_word' id='word_1_240' title='bbox 731 2328 775 2364; x_wconf 88' lang='lat' dir='ltr'>D.</span> <span class='ocrx_word' id='word_1_241' title='bbox 802 2328 938 2364; x_wconf 85' lang='lat' dir='ltr'>matris.</span> <span class='ocrx_word' id='word_1_242' title='bbox 967 2328 1073 2364; x_wconf 87' lang='lat' dir='ltr'>codd.</span> <span class='ocrx_word' id='word_1_243' title='bbox 1101 2340 1208 2366; x_wconf 88' lang='lat' dir='ltr'>omm.</span> <span class='ocrx_word' id='word_1_244' title='bbox 1236 2333 1332 2365; x_wconf 81' lang='lat' dir='ltr'>sunt.</span> <span class='ocrx_word' id='word_1_245' title='bbox 1383 2329 1464 2364; x_wconf 84' lang='lat'>448.</span> <span class='ocrx_word' id='word_1_246' title='bbox 1491 2328 1538 2365; x_wconf 91' lang='lat' dir='ltr'>V.</span> <span class='ocrx_word' id='word_1_247' title='bbox 1553 2329 1598 2365; x_wconf 94' lang='lat' dir='ltr'>D.</span> <span class='ocrx_word' id='word_1_248' title='bbox 1625 2339 1670 2363; x_wconf 84' lang='lat' dir='ltr'>ex</span> <span class='ocrx_word' id='word_1_249' title='bbox 1695 2329 1840 2364; x_wconf 86' lang='lat' dir='ltr'>animos</span> <span class='ocrx_word' id='word_1_250' title='bbox 1868 2328 1946 2364; x_wconf 92' lang='lat' dir='ltr'>uni.</span> 
     </span>
     <span class='ocr_line' id='line_1_31' title="bbox 203 2385 1941 2431; baseline 0.002 -11"><span class='ocrx_word' id='word_1_251' title='bbox 203 2385 243 2421; x_wconf 93' lang='lat' dir='ltr'>P.</span> <span class='ocrx_word' id='word_1_252' title='bbox 269 2386 469 2422; x_wconf 82' lang='lat' dir='ltr'>exanimos.</span> <span class='ocrx_word' id='word_1_253' title='bbox 496 2385 540 2421; x_wconf 91' lang='lat' dir='ltr'>V.</span> <span class='ocrx_word' id='word_1_254' title='bbox 567 2386 612 2422; x_wconf 91' lang='lat' dir='ltr'>D.</span> <span class='ocrx_word' id='word_1_255' title='bbox 639 2387 888 2431; x_wconf 83' lang='lat' dir='ltr'>cruciantque.</span> <span class='ocrx_word' id='word_1_256' title='bbox 914 2387 954 2423; x_wconf 89' lang='lat' dir='ltr'>P.</span> <span class='ocrx_word' id='word_1_257' title='bbox 982 2388 1201 2424; x_wconf 83' lang='lat' dir='ltr'>cruciantur.</span> <span class='ocrx_word' id='word_1_258' title='bbox 1249 2389 1331 2424; x_wconf 77' lang='lat'>449.</span> <span class='ocrx_word' id='word_1_259' title='bbox 1359 2387 1398 2424; x_wconf 89' lang='lat' dir='ltr'>P.</span> <span class='ocrx_word' id='word_1_260' title='bbox 1425 2388 1533 2423; x_wconf 85' lang='lat' dir='ltr'>malo.</span> <span class='ocrx_word' id='word_1_261' title='bbox 1584 2388 1664 2424; x_wconf 88' lang='lat'>450.</span> <span class='ocrx_word' id='word_1_262' title='bbox 1697 2388 1802 2424; x_wconf 87' lang='lat' dir='ltr'>codd.</span> <span class='ocrx_word' id='word_1_263' title='bbox 1833 2398 1941 2424; x_wconf 89' lang='lat' dir='ltr'>omm.</span> 
     </span>
     <span class='ocr_line' id='line_1_32' title="bbox 202 2444 1941 2492; baseline 0.002 -14"><span class='ocrx_word' id='word_1_264' title='bbox 202 2444 250 2479; x_wconf 86' lang='lat' dir='ltr'>id.</span> <span class='ocrx_word' id='word_1_265' title='bbox 277 2445 417 2480; x_wconf 81' lang='lat' dir='ltr'>Deinde</span> <span class='ocrx_word' id='word_1_266' title='bbox 443 2455 587 2480; x_wconf 76' lang='lat' dir='ltr'>omncs:</span> <span class='ocrx_word' id='word_1_267' title='bbox 613 2446 730 2489; x_wconf 85' lang='lat' dir='ltr'>prima</span> <span class='ocrx_word' id='word_1_268' title='bbox 756 2446 801 2481; x_wconf 90' lang='lat' dir='ltr'>de</span> <span class='ocrx_word' id='word_1_269' title='bbox 825 2456 883 2481; x_wconf 89' lang='lat' dir='ltr'>me</span> <span class='ocrx_word' id='word_1_270' title='bbox 908 2447 1027 2492; x_wconf 87' lang='lat' dir='ltr'>modo,</span> <span class='ocrx_word' id='word_1_271' title='bbox 1055 2448 1098 2483; x_wconf 94' lang='lat' dir='ltr'>V.</span> <span class='ocrx_word' id='word_1_272' title='bbox 1126 2447 1169 2483; x_wconf 94' lang='lat' dir='ltr'>D.</span> <span class='ocrx_word' id='word_1_273' title='bbox 1197 2446 1296 2481; x_wconf 81' lang='lat' dir='ltr'>dicta</span> <span class='ocrx_word' id='word_1_274' title='bbox 1321 2446 1444 2482; x_wconf 79' lang='lat' dir='ltr'>dicito.</span> <span class='ocrx_word' id='word_1_275' title='bbox 1507 2447 1588 2482; x_wconf 83' lang='lat'>453.</span> <span class='ocrx_word' id='word_1_276' title='bbox 1616 2446 1663 2484; x_wconf 91' lang='lat' dir='ltr'>V.</span> <span class='ocrx_word' id='word_1_277' title='bbox 1694 2447 1803 2491; x_wconf 84' lang='lat' dir='ltr'>magi.</span> <span class='ocrx_word' id='word_1_278' title='bbox 1860 2446 1941 2482; x_wconf 84' lang='lat'>454.</span> 
     </span>
     <span class='ocr_line' id='line_1_33' title="bbox 202 2503 1937 2551; baseline 0.001 -14"><span class='ocrx_word' id='word_1_279' title='bbox 202 2504 246 2539; x_wconf 91' lang='lat' dir='ltr'>D.</span> <span class='ocrx_word' id='word_1_280' title='bbox 274 2514 344 2538; x_wconf 87' lang='lat' dir='ltr'>om.</span> <span class='ocrx_word' id='word_1_281' title='bbox 375 2503 481 2539; x_wconf 87' lang='grc'>1111116.</span> <span class='ocrx_word' id='word_1_282' title='bbox 522 2504 663 2539; x_wconf 81' lang='lat' dir='ltr'>Deinde</span> <span class='ocrx_word' id='word_1_283' title='bbox 689 2505 781 2540; x_wconf 85' lang='lat' dir='ltr'>clam</span> <span class='ocrx_word' id='word_1_284' title='bbox 809 2505 1050 2551; x_wconf 73' lang='lat' dir='ltr'>Camerarius,</span> <span class='ocrx_word' id='word_1_285' title='bbox 1078 2505 1201 2541; x_wconf 85' lang='lat' dir='ltr'>dolum</span> <span class='ocrx_word' id='word_1_286' title='bbox 1233 2506 1324 2540; x_wconf 87' lang='lat' dir='ltr'>clam</span> <span class='ocrx_word' id='word_1_287' title='bbox 1351 2506 1524 2540; x_wconf 79' lang='lat' dir='ltr'>Bothius:</span> <span class='ocrx_word' id='word_1_288' title='bbox 1566 2506 1610 2542; x_wconf 91' lang='lat' dir='ltr'>V.</span> <span class='ocrx_word' id='word_1_289' title='bbox 1637 2506 1681 2540; x_wconf 90' lang='lat' dir='ltr'>D.</span> <span class='ocrx_word' id='word_1_290' title='bbox 1709 2505 1937 2540; x_wconf 81' lang='lat' dir='ltr'>tantumdem</span> 
     </span>
     <span class='ocr_line' id='line_1_34' title="bbox 201 2563 1938 2610; baseline 0.001 -13"><span class='ocrx_word' id='word_1_291' title='bbox 201 2563 336 2607; x_wconf 89' lang='lat' dir='ltr'>dolum,</span> <span class='ocrx_word' id='word_1_292' title='bbox 363 2563 402 2597; x_wconf 89' lang='lat' dir='ltr'>P.</span> <span class='ocrx_word' id='word_1_293' title='bbox 428 2566 572 2597; x_wconf 76' lang='lat' dir='ltr'>tantum</span> <span class='ocrx_word' id='word_1_294' title='bbox 598 2563 732 2600; x_wconf 84' lang='lat' dir='ltr'>dolum.</span> <span class='ocrx_word' id='word_1_295' title='bbox 759 2564 926 2608; x_wconf 86' lang='lat' dir='ltr'>Denique</span> <span class='ocrx_word' id='word_1_296' title='bbox 955 2564 998 2599; x_wconf 93' lang='lat' dir='ltr'>V.</span> <span class='ocrx_word' id='word_1_297' title='bbox 1026 2564 1231 2609; x_wconf 73' lang='lat' dir='ltr'>adgrediari</span> <span class='ocrx_word' id='word_1_298' title='bbox 1259 2565 1302 2602; x_wconf 80' lang='lat' dir='ltr'>D,</span> <span class='ocrx_word' id='word_1_299' title='bbox 1331 2564 1536 2609; x_wconf 79' lang='lat' dir='ltr'>adgrediar,</span> <span class='ocrx_word' id='word_1_300' title='bbox 1569 2565 1609 2600; x_wconf 89' lang='lat' dir='ltr'>P.</span> <span class='ocrx_word' id='word_1_301' title='bbox 1639 2563 1802 2610; x_wconf 82' lang='lat' dir='ltr'>aggredi.</span> <span class='ocrx_word' id='word_1_302' title='bbox 1853 2565 1938 2601; x_wconf 80' lang='grc'>456.</span> 
     </span>
     <span class='ocr_line' id='line_1_35' title="bbox 201 2621 1940 2667; baseline 0.001 -11"><span class='ocrx_word' id='word_1_303' title='bbox 201 2622 244 2657; x_wconf 92' lang='lat' dir='ltr'>D.</span> <span class='ocrx_word' id='word_1_304' title='bbox 271 2622 311 2656; x_wconf 89' lang='lat' dir='ltr'>P.</span> <span class='ocrx_word' id='word_1_305' title='bbox 337 2621 527 2665; x_wconf 80' lang='lat' dir='ltr'>supposui.</span> <span class='ocrx_word' id='word_1_306' title='bbox 575 2622 656 2657; x_wconf 81' lang='lat'>457.</span> <span class='ocrx_word' id='word_1_307' title='bbox 683 2623 788 2658; x_wconf 86' lang='lat' dir='ltr'>codd.</span> <span class='ocrx_word' id='word_1_308' title='bbox 816 2633 921 2657; x_wconf 89' lang='lat' dir='ltr'>omm.</span> <span class='ocrx_word' id='word_1_309' title='bbox 947 2622 1022 2658; x_wconf 88' lang='lat' dir='ltr'>sed.</span> <span class='ocrx_word' id='word_1_310' title='bbox 1048 2622 1089 2658; x_wconf 90' lang='lat' dir='ltr'>P.</span> <span class='ocrx_word' id='word_1_311' title='bbox 1117 2622 1279 2667; x_wconf 78' lang='lat' dir='ltr'>aggredi.</span> <span class='ocrx_word' id='word_1_312' title='bbox 1329 2623 1411 2660; x_wconf 78' lang='lat'>458.</span> <span class='ocrx_word' id='word_1_313' title='bbox 1438 2623 1544 2660; x_wconf 87' lang='lat' dir='ltr'>codd.</span> <span class='ocrx_word' id='word_1_314' title='bbox 1571 2633 1678 2660; x_wconf 89' lang='grc'>0111111.</span> <span class='ocrx_word' id='word_1_315' title='bbox 1706 2633 1798 2658; x_wconf 87' lang='lat' dir='ltr'>eam.</span> <span class='ocrx_word' id='word_1_316' title='bbox 1828 2623 1872 2660; x_wconf 93' lang='lat' dir='ltr'>V.</span> <span class='ocrx_word' id='word_1_317' title='bbox 1892 2623 1940 2658; x_wconf 95' lang='lat' dir='ltr'>D.</span> 
     </span>
     <span class='ocr_line' id='line_1_36' title="bbox 200 2681 1938 2727; baseline 0.002 -13"><span class='ocrx_word' id='word_1_318' title='bbox 200 2689 412 2724; x_wconf 81' lang='lat' dir='ltr'>exsequere.</span> <span class='ocrx_word' id='word_1_319' title='bbox 453 2681 533 2715; x_wconf 82' lang='lat'>460.</span> <span class='ocrx_word' id='word_1_320' title='bbox 562 2681 604 2717; x_wconf 95' lang='lat' dir='ltr'>D.</span> <span class='ocrx_word' id='word_1_321' title='bbox 631 2691 750 2716; x_wconf 85' lang='lat' dir='ltr'>essem</span> <span class='ocrx_word' id='word_1_322' title='bbox 776 2682 926 2727; x_wconf 79' lang='lat' dir='ltr'>egratia.</span> <span class='ocrx_word' id='word_1_323' title='bbox 977 2682 1058 2718; x_wconf 88' lang='grc'>461.</span> <span class='ocrx_word' id='word_1_324' title='bbox 1085 2681 1191 2719; x_wconf 76' lang='lat' dir='ltr'>codd.</span> <span class='ocrx_word' id='word_1_325' title='bbox 1216 2692 1323 2719; x_wconf 87' lang='lat' dir='ltr'>omm.</span> <span class='ocrx_word' id='word_1_326' title='bbox 1351 2682 1506 2720; x_wconf 79' lang='lat' dir='ltr'>id..462.</span> <span class='ocrx_word' id='word_1_327' title='bbox 1533 2682 1578 2719; x_wconf 96' lang='lat' dir='ltr'>D.</span> <span class='ocrx_word' id='word_1_328' title='bbox 1606 2681 1708 2717; x_wconf 88' lang='lat' dir='ltr'>senio</span> <span class='ocrx_word' id='word_1_329' title='bbox 1737 2685 1805 2716; x_wconf 85' lang='lat' dir='ltr'>est.</span> <span class='ocrx_word' id='word_1_330' title='bbox 1855 2682 1938 2718; x_wconf 88' lang='lat'>463.</span> 
     </span>
     <span class='ocr_line' id='line_1_37' title="bbox 199 2738 1937 2785; baseline 0.001 -12"><span class='ocrx_word' id='word_1_331' title='bbox 199 2740 244 2776; x_wconf 85' lang='lat' dir='ltr'>D,</span> <span class='ocrx_word' id='word_1_332' title='bbox 271 2739 301 2773; x_wconf 87' lang='lat' dir='ltr'>si</span> <span class='ocrx_word' id='word_1_333' title='bbox 327 2738 430 2774; x_wconf 88' lang='lat' dir='ltr'>bene.</span> <span class='ocrx_word' id='word_1_334' title='bbox 456 2740 496 2775; x_wconf 89' lang='lat' dir='ltr'>P.</span> <span class='ocrx_word' id='word_1_335' title='bbox 523 2751 581 2774; x_wconf 88' lang='lat' dir='ltr'>om</span> <span class='ocrx_word' id='word_1_336' title='bbox 609 2740 650 2777; x_wconf 86' lang='lat' dir='ltr'>si.</span> <span class='ocrx_word' id='word_1_337' title='bbox 678 2740 722 2777; x_wconf 91' lang='lat' dir='ltr'>V.</span> <span class='ocrx_word' id='word_1_338' title='bbox 749 2740 854 2776; x_wconf 79' lang='lat' dir='ltr'>scito.</span> <span class='ocrx_word' id='word_1_339' title='bbox 929 2741 1010 2776; x_wconf 88' lang='lat'>464.</span> <span class='ocrx_word' id='word_1_340' title='bbox 1039 2740 1081 2776; x_wconf 96' lang='lat' dir='ltr'>D.</span> <span class='ocrx_word' id='word_1_341' title='bbox 1116 2741 1321 2784; x_wconf 85' lang='lat' dir='ltr'>nimisquae</span> <span class='ocrx_word' id='word_1_342' title='bbox 1347 2741 1387 2778; x_wconf 83' lang='grc' dir='ltr'>Ρ.</span> <span class='ocrx_word' id='word_1_343' title='bbox 1415 2741 1608 2784; x_wconf 80' lang='lat' dir='ltr'>nimisque.</span> <span class='ocrx_word' id='word_1_344' title='bbox 1633 2740 1678 2775; x_wconf 90' lang='lat' dir='ltr'>D.</span> <span class='ocrx_word' id='word_1_345' title='bbox 1707 2744 1937 2785; x_wconf 85' lang='lat' dir='ltr'>occeperent.</span> 
     </span>
     <span class='ocr_line' id='line_1_38' title="bbox 200 2797 1938 2844; baseline 0.001 -11"><span class='ocrx_word' id='word_1_346' title='bbox 200 2799 340 2833; x_wconf 83' lang='lat' dir='ltr'>Versus</span> <span class='ocrx_word' id='word_1_347' title='bbox 367 2797 474 2832; x_wconf 84' lang='lat' dir='ltr'>abest</span> <span class='ocrx_word' id='word_1_348' title='bbox 499 2809 520 2832; x_wconf 82' lang='lat' dir='ltr'>a</span> <span class='ocrx_word' id='word_1_349' title='bbox 546 2798 591 2832; x_wconf 94' lang='lat' dir='ltr'>V.</span> <span class='ocrx_word' id='word_1_350' title='bbox 655 2798 737 2834; x_wconf 83' lang='lat'>465.</span> <span class='ocrx_word' id='word_1_351' title='bbox 763 2799 808 2834; x_wconf 93' lang='lat' dir='ltr'>V.</span> <span class='ocrx_word' id='word_1_352' title='bbox 835 2800 875 2837; x_wconf 92' lang='lat' dir='ltr'>P.</span> <span class='ocrx_word' id='word_1_353' title='bbox 900 2800 1093 2843; x_wconf 88' lang='lat' dir='ltr'>nimisque.</span> <span class='ocrx_word' id='word_1_354' title='bbox 1119 2799 1164 2835; x_wconf 95' lang='lat' dir='ltr'>D.</span> <span class='ocrx_word' id='word_1_355' title='bbox 1191 2799 1407 2844; x_wconf 86' lang='lat' dir='ltr'>nimisquae.</span> <span class='ocrx_word' id='word_1_356' title='bbox 1435 2800 1644 2834; x_wconf 80' lang='lat' dir='ltr'>Postremo:</span> <span class='ocrx_word' id='word_1_357' title='bbox 1681 2797 1801 2834; x_wconf 82' lang='lat' dir='ltr'>facere</span> <span class='ocrx_word' id='word_1_358' title='bbox 1830 2810 1938 2836; x_wconf 87' lang='lat' dir='ltr'>occe-</span> 
     </span>
     <span class='ocr_line' id='line_1_39' title="bbox 199 2856 1939 2902; baseline 0.001 -11"><span class='ocrx_word' id='word_1_359' title='bbox 199 2857 318 2901; x_wconf 82' lang='lat' dir='ltr'>perint</span> <span class='ocrx_word' id='word_1_360' title='bbox 354 2856 448 2891; x_wconf 84' lang='lat' dir='ltr'>bene</span> <span class='ocrx_word' id='word_1_361' title='bbox 475 2856 645 2891; x_wconf 85' lang='lat' dir='ltr'>Bothius:</span> <span class='ocrx_word' id='word_1_362' title='bbox 685 2857 790 2893; x_wconf 91' lang='lat' dir='ltr'>codd.</span> <span class='ocrx_word' id='word_1_363' title='bbox 829 2859 1039 2902; x_wconf 85' lang='lat' dir='ltr'>occeperint</span> <span class='ocrx_word' id='word_1_364' title='bbox 1075 2856 1302 2896; x_wconf 86' lang='lat' dir='ltr'>benefacere.</span> <span class='ocrx_word' id='word_1_365' title='bbox 1364 2858 1446 2893; x_wconf 86' lang='lat'>466.</span> <span class='ocrx_word' id='word_1_366' title='bbox 1474 2859 1514 2894; x_wconf 86' lang='lat' dir='ltr'>P.</span> <span class='ocrx_word' id='word_1_367' title='bbox 1554 2857 1752 2901; x_wconf 89' lang='lat' dir='ltr'>nimioque.</span> <span class='ocrx_word' id='word_1_368' title='bbox 1793 2858 1939 2894; x_wconf 90' lang='lat' dir='ltr'>Deinde</span> 
     </span>
     <span class='ocr_line' id='line_1_40' title="bbox 198 2915 1940 2960; baseline 0.001 -11"><span class='ocrx_word' id='word_1_369' title='bbox 198 2915 316 2950; x_wconf 84' lang='lat' dir='ltr'>levius</span> <span class='ocrx_word' id='word_1_370' title='bbox 343 2916 400 2960; x_wconf 83' lang='lat' dir='ltr'>P.;</span> <span class='ocrx_word' id='word_1_371' title='bbox 426 2916 470 2953; x_wconf 93' lang='lat' dir='ltr'>V.</span> <span class='ocrx_word' id='word_1_372' title='bbox 496 2916 538 2951; x_wconf 93' lang='lat' dir='ltr'>D.</span> <span class='ocrx_word' id='word_1_373' title='bbox 566 2915 706 2959; x_wconf 78' lang='lat' dir='ltr'>melius,</span> <span class='ocrx_word' id='word_1_374' title='bbox 733 2916 777 2952; x_wconf 90' lang='lat' dir='ltr'>D.</span> <span class='ocrx_word' id='word_1_375' title='bbox 802 2916 843 2952; x_wconf 94' lang='lat' dir='ltr'>P.</span> <span class='ocrx_word' id='word_1_376' title='bbox 870 2920 927 2951; x_wconf 80' lang='lat' dir='ltr'>est</span> <span class='ocrx_word' id='word_1_377' title='bbox 952 2927 1056 2954; x_wconf 77' lang='lat' dir='ltr'>onus,</span> <span class='ocrx_word' id='word_1_378' title='bbox 1106 2917 1188 2952; x_wconf 86' lang='lat'>467.</span> <span class='ocrx_word' id='word_1_379' title='bbox 1216 2917 1260 2954; x_wconf 92' lang='lat' dir='ltr'>D.</span> <span class='ocrx_word' id='word_1_380' title='bbox 1287 2917 1405 2952; x_wconf 80' lang='lat' dir='ltr'>malus</span> <span class='ocrx_word' id='word_1_381' title='bbox 1432 2927 1523 2954; x_wconf 87' lang='lat' dir='ltr'>sum.</span> <span class='ocrx_word' id='word_1_382' title='bbox 1573 2916 1655 2951; x_wconf 84' lang='lat'>468.</span> <span class='ocrx_word' id='word_1_383' title='bbox 1688 2916 1739 2953; x_wconf 89' lang='lat' dir='ltr'>V.</span> <span class='ocrx_word' id='word_1_384' title='bbox 1764 2917 1810 2954; x_wconf 92' lang='lat' dir='ltr'>D.</span> <span class='ocrx_word' id='word_1_385' title='bbox 1837 2917 1940 2952; x_wconf 64' lang='lat' dir='ltr'>babin</span> 
     </span>
     <span class='ocr_line' id='line_1_41' title="bbox 198 2973 1938 3020; baseline 0.003 -13"><span class='ocrx_word' id='word_1_386' title='bbox 198 2974 307 3010; x_wconf 88' lang='lat' dir='ltr'>lonio.</span> <span class='ocrx_word' id='word_1_387' title='bbox 357 2975 438 3012; x_wconf 89' lang='lat'>470.</span> <span class='ocrx_word' id='word_1_388' title='bbox 466 2974 507 3011; x_wconf 87' lang='lat' dir='ltr'>V.</span> <span class='ocrx_word' id='word_1_389' title='bbox 535 2973 579 3009; x_wconf 90' lang='lat' dir='ltr'>D.</span> <span class='ocrx_word' id='word_1_390' title='bbox 605 2973 690 3009; x_wconf 86' lang='lat' dir='ltr'>istic</span> <span class='ocrx_word' id='word_1_391' title='bbox 715 2978 779 3009; x_wconf 86' lang='lat' dir='ltr'>aut</span> <span class='ocrx_word' id='word_1_392' title='bbox 804 2975 845 3010; x_wconf 89' lang='lat' dir='ltr'>P.</span> <span class='ocrx_word' id='word_1_393' title='bbox 869 2975 956 3010; x_wconf 86' lang='lat' dir='ltr'>istic</span> <span class='ocrx_word' id='word_1_394' title='bbox 983 2975 1090 3013; x_wconf 85' lang='lat' dir='ltr'>haud.</span> <span class='ocrx_word' id='word_1_395' title='bbox 1118 2975 1160 3010; x_wconf 93' lang='lat' dir='ltr'>V.</span> <span class='ocrx_word' id='word_1_396' title='bbox 1180 2976 1226 3011; x_wconf 94' lang='lat' dir='ltr'>D.</span> <span class='ocrx_word' id='word_1_397' title='bbox 1251 2986 1358 3020; x_wconf 72' lang='grc'>111-666</span> <span class='ocrx_word' id='word_1_398' title='bbox 1385 2986 1499 3011; x_wconf 79' lang='lat' dir='ltr'>caveo</span> <span class='ocrx_word' id='word_1_399' title='bbox 1526 2976 1566 3012; x_wconf 83' lang='lat' dir='ltr'>P.</span> <span class='ocrx_word' id='word_1_400' title='bbox 1592 2985 1803 3019; x_wconf 85' lang='lat' dir='ltr'>precavero.</span> <span class='ocrx_word' id='word_1_401' title='bbox 1853 2977 1938 3013; x_wconf 87' lang='lat'>471.</span> 
     </span>
     <span class='ocr_line' id='line_1_42' title="bbox 198 3032 1942 3078; baseline 0.001 -11"><span class='ocrx_word' id='word_1_402' title='bbox 198 3032 243 3069; x_wconf 94' lang='lat' dir='ltr'>V.</span> <span class='ocrx_word' id='word_1_403' title='bbox 270 3033 314 3068; x_wconf 90' lang='lat' dir='ltr'>D.</span> <span class='ocrx_word' id='word_1_404' title='bbox 339 3038 506 3068; x_wconf 80' lang='lat' dir='ltr'>ornatum</span> <span class='ocrx_word' id='word_1_405' title='bbox 534 3037 573 3067; x_wconf 87' lang='lat' dir='ltr'>ut</span> <span class='ocrx_word' id='word_1_406' title='bbox 597 3033 761 3077; x_wconf 82' lang='lat' dir='ltr'>grauida.</span> <span class='ocrx_word' id='word_1_407' title='bbox 789 3034 829 3070; x_wconf 92' lang='lat' dir='ltr'>P.</span> <span class='ocrx_word' id='word_1_408' title='bbox 857 3032 1022 3077; x_wconf 82' lang='lat' dir='ltr'>Cumque</span> <span class='ocrx_word' id='word_1_409' title='bbox 1049 3038 1181 3069; x_wconf 84' lang='lat' dir='ltr'>ornatu</span> <span class='ocrx_word' id='word_1_410' title='bbox 1207 3034 1361 3078; x_wconf 84' lang='lat' dir='ltr'>gravida</span> <span class='ocrx_word' id='word_1_411' title='bbox 1381 3055 1421 3060; x_wconf 77' lang='grc'>-</span> <span class='ocrx_word' id='word_1_412' title='bbox 1442 3033 1629 3069; x_wconf 84' lang='lat' dir='ltr'>accubem.</span> <span class='ocrx_word' id='word_1_413' title='bbox 1669 3033 1807 3078; x_wconf 86' lang='lat' dir='ltr'>Scripsi</span> <span class='ocrx_word' id='word_1_414' title='bbox 1829 3035 1942 3069; x_wconf 90' lang='lat' dir='ltr'>Eum-</span> 
     </span>
     <span class='ocr_line' id='line_1_43' title="bbox 199 3082 1940 3138; baseline 0.002 -14"><span class='ocrx_word' id='word_1_415' title='bbox 199 3101 269 3134; x_wconf 90' lang='lat' dir='ltr'>que</span> <span class='ocrx_word' id='word_1_416' title='bbox 294 3096 463 3126; x_wconf 77' lang='lat' dir='ltr'>oruatum</span> <span class='ocrx_word' id='word_1_417' title='bbox 487 3091 627 3127; x_wconf 80' lang='lat' dir='ltr'>induta.</span> <span class='ocrx_word' id='word_1_418' title='bbox 699 3091 781 3129; x_wconf 79' lang='lat'>472.</span> <span class='ocrx_word' id='word_1_419' title='bbox 808 3093 912 3129; x_wconf 85' lang='lat' dir='ltr'>codd.</span> <span class='ocrx_word' id='word_1_420' title='bbox 938 3102 1063 3128; x_wconf 86' lang='lat' dir='ltr'>omnes</span> <span class='ocrx_word' id='word_1_421' title='bbox 1090 3082 1255 3128; x_wconf 82' lang='lat' dir='ltr'>eiectam&#39;</span> <span class='ocrx_word' id='word_1_422' title='bbox 1273 3113 1314 3118; x_wconf 91' lang='lat'>—-</span> <span class='ocrx_word' id='word_1_423' title='bbox 1341 3093 1510 3128; x_wconf 83' lang='lat' dir='ltr'>uicinam.</span> <span class='ocrx_word' id='word_1_424' title='bbox 1583 3093 1664 3128; x_wconf 89' lang='lat'>473.</span> <span class='ocrx_word' id='word_1_425' title='bbox 1690 3092 1737 3130; x_wconf 93' lang='lat' dir='ltr'>V.</span> <span class='ocrx_word' id='word_1_426' title='bbox 1764 3103 1808 3128; x_wconf 90' lang='lat' dir='ltr'>eo</span> <span class='ocrx_word' id='word_1_427' title='bbox 1840 3092 1940 3138; x_wconf 89' lang='lat' dir='ltr'>pihe-</span> 
     </span>
     <span class='ocr_line' id='line_1_44' title="bbox 201 3149 933 3195; baseline 0.007 -12"><span class='ocrx_word' id='word_1_428' title='bbox 201 3150 307 3184; x_wconf 86' lang='lat' dir='ltr'>cium.</span> <span class='ocrx_word' id='word_1_429' title='bbox 336 3149 379 3185; x_wconf 94' lang='lat' dir='ltr'>D.</span> <span class='ocrx_word' id='word_1_430' title='bbox 407 3160 440 3187; x_wconf 90' lang='lat'>0.</span> <span class='ocrx_word' id='word_1_431' title='bbox 465 3150 654 3194; x_wconf 84' lang='lat' dir='ltr'>pihetium.</span> <span class='ocrx_word' id='word_1_432' title='bbox 680 3151 720 3188; x_wconf 91' lang='lat' dir='ltr'>P.</span> <span class='ocrx_word' id='word_1_433' title='bbox 745 3151 933 3195; x_wconf 88' lang='lat' dir='ltr'>opietium.</span> 
     </span>
    </p>
   </div>
  </div>
 </body>
</html>
