2022 3314
125 58 202 104 (lv,
228 59 261 103 3,
287 57 441 103 58—72)
819 60 1184 99 TRUCULENTUS.
1790 75 1845 117 59

33 193 102 228 820
127 180 207 231 Qui
238 181 407 234 quidem
438 182 558 236 probi
590 186 703 225 sunt:
736 183 894 236 verum,
927 184 997 237 qui
1028 184 1270 237 improbust,
1303 186 1338 228 si
1369 188 1563 242 suhbibst,

126 251 223 294 Sive
253 251 361 295 adeo
393 257 509 296 caret
538 252 704 305 temeto,
737 256 879 296 tamen
910 253 964 296 ab
996 254 1164 307 ingenio
1202 255 1443 309 improbust.

841 383 1139 425 D1N1ARcflUs.

123 476 218 519 Scio
249 474 455 528 equidem,
488 487 597 528 quae
627 474 736 526 nolo,
770 474 900 516 multa
931 475 985 516 mi
1018 476 1234 519 audienda
1264 479 1316 519 ob
1351 478 1531 520 noxiam.
1777 476 1848 519 (60)

122 549 231 590 Nam
262 560 341 601 ego
371 545 446 587 tibi
478 558 545 588 me
573 544 797 587 obnoxium
828 543 922 587 esse
953 544 1102 598 fateor,
1135 547 1285 600 culpae
1316 548 1559 602 compotem.

880 673 1100 717 ANCILLA.

124 769 330 822 Callicles,
364 770 461 812 vide
492 782 649 822 quaeso
681 768 888 822 insignem
920 782 972 810 nc
1004 768 1136 811 facias
1168 769 1374 812 iniuriam.

29 852 97 888 825
122 843 234 884 Reus
265 840 425 883 solutus
456 852 652 882 caussam
684 839 802 881 dicit:
836 842 963 882 testes
995 841 1158 882 vinctos
1190 839 1357 883 attines.

854 968 1125 1012 GALLICLES.

122 1052 278 1107 Solvite
308 1065 426 1106 istas.
488 1063 626 1116 Agite,
659 1063 784 1116 abite,
819 1066 862 1105 tu
895 1062 1061 1106 domum
1094 1062 1135 1105 et
1167 1067 1211 1106 tu
1243 1050 1382 1106 autem
1413 1064 1599 1106 domum:

120 1135 327 1188 Eloquere
357 1133 464 1176 haec
495 1147 592 1176 erae
623 1137 680 1186 tu,
714 1136 758 1176 ut
788 1133 961 1187 puerum
993 1133 1157 1187 reddat,
1190 1136 1225 1176 si
1257 1135 1349 1188 quis
1380 1148 1474 1178 cum
1505 1134 1633 1188 petat.
1775 1132 1849 1176 (65)

120 1205 290 1258 Eam11S‚
323 1208 379 1256 tu,
412 1205 455 1246 in
484 1203 561 1246 ius.

836 1334 1134 1379 D1N1ARcfms,

651 1427 762 1479 Quid
792 1427 857 1470 vis
889 1430 931 1470 in
961 1429 1025 1471 ius
1057 1443 1124 1472 me
1155 1430 1245 1472 ire‘?
1275 1430 1319 1473 tu
1350 1443 1396 1474 es
1427 1434 1595 1485 praetor
1627 1431 1741 1475 mihi.

119 1500 273 1542 Verum
304 1503 345 1542 te
375 1499 561 1552 Obsecro,
593 1502 637 1541 ut
666 1503 781 1543 tuam
812 1498 985 1552 gnatam
1017 1499 1091 1543 des
1124 1501 1178 1543 mi
1212 1501 1397 1555 uxorem,
1436 1500 1647 1545 Callicles.

852 1627 1121 1674 CALLICLES.

27 1736 96 1771 830
121 1723 311 1767 Eundem
342 1725 412 1778 pol
442 1728 483 1767 te
514 1724 725 1768 iudicasse
755 1724 891 1767 istanc
921 1724 1090 1778 quidem
1121 1739 1209 1768 rem
1239 1725 1450 1780 intellego.

120 1794 230 1836 Nam
260 1794 375 1837 haud
406 1795 609 1847 mansisti,
641 1794 739 1837 dum
770 1808 850 1849 ego
881 1794 1027 1838 darem
1057 1795 1192 1838 illam:
1225 1800 1313 1839 tute
1342 1797 1557 1851 sumpsisti
1587 1797 1672 1839 tibi.

121 1865 241 1908 Nunc
271 1864 444 1919 habeas,
477 1870 521 1908 ut
551 1855 724 1919 nactu’s}
756 1865 902 1908 verum
934 1865 1013 1908 hoc
1044 1880 1122 1920 ego
1154 1871 1194 1908 te
1225 1867 1410 1910 multabo
1441 1867 1555 1911 bolo:
1773 1862 1848 1907 (70)

122 1935 206 1979 Sex
236 1935 398 1979 talenta
427 1949 585 1990 magna
616 1935 724 1979 dctis
756 1936 922 1979 demam
954 1949 1029 1991 pro
1060 1938 1143 1980 ista
1168 1937 1346 1981 inscitia.

838 2068 1135 2111 Dmmncnns.

120 2161 233 2203 Bene
263 2159 357 2214 agis
389 2159 563 2203 mecum.

213 2358 294 2393 820.
320 2357 365 2393 V.
391 2356 435 2393 D.
461 2357 584 2402 probri
611 2379 652 2384 -
679 2358 741 2403 qui
767 2359 839 2394 iam
865 2358 1001 2403 probus
1029 2361 1087 2393 est
1112 2359 1142 2394 si
1168 2370 1275 2404 quam
1302 2360 1332 2396 si
1357 2360 1461 2396 bibit.
1510 2361 1549 2396 P.
1577 2361 1638 2406 qui
1663 2361 1848 2406 improbus

119 2419 177 2451 est
200 2416 279 2450 siue
304 2415 406 2452 bibit.
479 2416 560 2453 821.
586 2416 631 2452 D.
658 2420 694 2452 te
719 2427 777 2452 me
803 2420 853 2452 tu.
880 2416 925 2452 V.
944 2417 989 2452 D.
1008 2417 1053 2453 ab
1080 2418 1227 2463 ingenio
1253 2418 1401 2454 timidus
1424 2422 1483 2454 est
1507 2420 1692 2464 inprobus
1720 2421 1759 2458 P.
1777 2432 1847 2458 om.

119 2474 279 2511 timidus.
304 2473 350 2509 cf.
376 2474 468 2510 Non.
486 2474 518 2518 5,
534 2475 589 2511 11.
615 2476 697 2512 822.
721 2475 767 2510 ob
795 2476 938 2511 noxiam
953 2476 1171 2512 Palmerius:
1199 2477 1303 2514 codd.
1331 2477 1499 2515 obnoxia.
1525 2478 1652 2514 Douza
1677 2479 1847 2516 obnoxio,

121 2534 201 2570 823.
228 2532 334 2569 codd.
361 2542 468 2570 omm.
493 2533 593 2570 Nam.
619 2533 664 2571 V.
689 2544 819 2579 essem,
848 2534 892 2572 D.
918 2534 1112 2570 obnoxiam
1138 2545 1266 2573 essem.
1292 2536 1336 2573 V.
1363 2535 1494 2580 cultae,
1534 2536 1579 2574 D.
1604 2537 1644 2575 P.
1670 2538 1775 2574 culte.
1802 2537 1848 2575 V.

119 2593 165 2630 D.
191 2592 418 2637 compotemi.
493 2592 572 2630 824.
598 2592 643 2630 V.
669 2593 714 2630 D.
741 2593 919 2637 canicies,
961 2593 1001 2630 P.
1028 2593 1076 2628 Mi
1103 2593 1272 2631 Callicles,
1299 2594 1344 2632 V.
1371 2604 1441 2639 que
1467 2605 1627 2630 somnem
1652 2606 1686 2639 p.
1713 2606 1849 2640 quaeso

119 2650 310 2695 insignem,
337 2649 381 2687 D.
408 2660 503 2694 quae
528 2651 714 2696 somneim,
739 2652 779 2689 P.
805 2661 954 2695 quaeso.
1006 2652 1085 2687 825.
1112 2655 1225 2687 testes
1251 2653 1392 2689 vinctos
1418 2653 1552 2689 attines
1569 2654 1723 2698 Lipsius.
1750 2655 1794 2691 V.
1812 2659 1850 2690 ta

119 2709 208 2744 estis
233 2709 330 2744 uicto
356 2708 426 2743 sati
451 2708 540 2746 ines.
564 2709 609 2744 D.
636 2709 676 2746 P.
702 2713 776 2744 tam
802 2709 890 2744 estis
916 2709 1014 2745 uicto
1041 2711 1110 2745 sati
1136 2712 1225 2755 ines,
1254 2711 1323 2746 nisi
1350 2711 1448 2756 quod
1464 2712 1504 2750 P.
1531 2713 1626 2748 satin
1653 2717 1718 2750 est.
1769 2714 1848 2750 827.

118 2766 163 2804 V.
189 2767 234 2804 D.
260 2770 300 2801 tu
324 2777 486 2812 puemm,
512 2768 552 2805 P.
578 2772 618 2803 ut
643 2779 805 2813 puerum.
833 2767 985 2813 ScrIpsi:
1018 2772 1057 2804 tu
1082 2773 1123 2804 ut
1146 2780 1310 2814 puerum.
1385 2770 1464 2808 828.
1492 2771 1535 2807 V.
1562 2771 1670 2808 intus.
1720 2771 1764 2809 D.
1790 2782 1848 2806 ea-

118 2828 215 2860 must
239 2825 346 2863 intus.
372 2826 412 2863 P.
438 2827 574 2861 Eamus
599 2826 707 2863 intus.
735 2826 839 2863 codd.
866 2836 1007 2862 omnes:
1034 2827 1121 2871 quid
1146 2828 1202 2862 uis
1227 2828 1337 2872 intus,
1363 2829 1432 2864 nisi
1458 2829 1554 2874 quod
1569 2829 1613 2865 V.
1641 2830 1770 2874 quiuis.
1796 2829 1841 2866 V.

118 2884 164 2921 D.
189 2887 293 2919 etues
319 2895 353 2928 p.
378 2888 418 2919 tu
444 2895 495 2921 es.
546 2884 626 2921 829.
652 2885 697 2922 D.
721 2882 762 2921 P.
788 2895 892 2922 omm.
918 2885 978 2923 mi.
1057 2887 1136 2923 830.
1163 2886 1208 2923 V.
1234 2886 1279 2923 D.
1304 2887 1367 2930 pul
1392 2891 1439 2924 te.
1466 2887 1506 2925 P.
1532 2886 1653 2924 stulte.
1701 2887 1844 2923 Deinde

118 2943 237 2977 istanc
263 2943 408 2987 quidem
433 2942 603 2978 Bothius:
637 2943 742 2980 codd.
769 2943 914 2987 quidem
939 2945 1056 2982 istam.
1131 2945 1211 2981 831.
1238 2945 1282 2982 V.
1310 2945 1393 2981 dem
1419 2957 1453 2990 p.
1479 2946 1575 2987 dum,
1601 2945 1645 2982 D.
1671 2946 1777 2991 idem,
1803 2946 1842 2983 P.

118 3004 173 3039 ut.
221 3001 301 3038 833.
326 3002 371 3038 V.
396 3002 541 3038 malana
566 3001 670 3037 dotes
695 3001 739 3039 D.
766 3001 910 3037 malana
935 3003 1049 3047 detes,
1079 3004 1119 3038 P.
1146 3003 1290 3038 malana
1316 3003 1422 3041 dotis.
1471 3002 1515 3042 D.
1543 3003 1621 3039 dem
1651 3015 1696 3039 an
1722 3015 1756 3049 p.
1783 3005 1844 3043 de-

119 3070 223 3098 mam.
250 3060 294 3098 V.
320 3060 394 3095 ista
418 3060 615 3098 scinscitia.
665 3061 710 3098 D.
736 3060 842 3096 istast
867 3061 1046 3108 incicidia‚
1074 3063 1113 3101 1³.
1139 3062 1232 3098 istac
1256 3061 1409 3100 inscitia.
