2022 3314
567 533 1278 618 PRAEFATIO.

60 757 158 843 Ad
200 796 324 843 hanc
368 794 647 843 Truculenti
700 792 956 841 editionem
1008 794 1331 842 adornandam
1383 794 1628 842 codicibus
1670 810 1786 843 usus

60 894 162 925 sum
199 881 438 937 quattuor,
476 874 822 932 Ambrosiano,
867 874 1030 922 codice
1068 874 1333 922 Camerarii
1366 875 1561 936 Vetere,
1606 875 1785 923 Decur-

58 962 154 1005 tato
191 961 236 1004 et
269 955 506 1004 Parisino.
576 955 653 1002 Ex
687 955 1009 1003 Ambrosiano
1052 956 1168 1003 folia
1208 956 1363 1003 adhuc
1397 961 1652 1018 supersunt
1686 972 1785 1017 sex,

60 1054 182 1101 quae
230 1042 407 1085 textum
458 1036 698 1084 continent
749 1052 777 1083 a
823 1052 867 1083 v.
917 1038 1007 1083 112
1049 1052 1202 1099 usque
1254 1036 1314 1084 ad
1365 1052 1409 1086 v.
1449 1039 1562 1096 146,
1615 1037 1788 1086 deinde

59 1135 88 1166 a
120 1135 164 1167 v.
204 1120 294 1165 180
329 1131 482 1178 usque
516 1116 577 1163 ad
613 1118 727 1176 317,
771 1115 978 1178 denique
1018 1133 1047 1164 a
1082 1134 1124 1165 v.
1163 1119 1254 1165 352
1299 1132 1453 1178 usque
1494 1117 1556 1164 ad
1596 1133 1638 1166 v.
1678 1119 1785 1178 389,
1824 1144 1829 1167 ε

58 1205 109 1247 ut
150 1198 260 1246 olim
302 1197 513 1244 indicavi
547 1197 598 1243 in
631 1197 753 1244 libro
791 1196 850 1244 de
885 1197 1051 1245 codice
1084 1198 1406 1245 Ambrosiano
1441 1214 1486 1261 p.
1525 1201 1599 1246 27.
1668 1198 1788 1247 Inde

60 1296 149 1343 ego
186 1279 356 1337 omnia,
396 1279 539 1326 etiam
563 1277 895 1338 minutissima,
933 1279 1140 1328 enotavi.
1190 1277 1417 1327 Codicem
1441 1283 1652 1327 veterem
1682 1295 1787 1327 meo

58 1366 228 1424 rogatu
270 1359 424 1408 denuo
466 1363 793 1421 perscrutatus
835 1364 907 1407 est
949 1359 1217 1419 Kohlerus,
1255 1359 1329 1406 vir
1364 1358 1691 1421 doctissimus,
1729 1376 1789 1408 ex

61 1442 192 1491 cuius
241 1441 395 1504 copiis
439 1440 670 1501 intellexi,
717 1440 860 1488 etiam
901 1440 952 1487 in
994 1441 1087 1488 hac
1129 1440 1292 1488 fabula
1330 1439 1540 1488 Pareum
1590 1441 1789 1504 diligen-

59 1522 240 1570 tissime
275 1526 321 1570 et
355 1521 648 1584 amplissime
684 1521 841 1569 officio
869 1537 955 1570 suo
991 1522 1203 1570 functum
1231 1536 1361 1569 esse:
1397 1537 1641 1584 perpauca
1664 1523 1789 1570 enim

59 1601 389 1666 praetermisit,
441 1602 566 1649 unde
610 1601 814 1649 solidum
857 1603 1009 1651 textui
1051 1603 1235 1651 lucrum
1281 1602 1378 1665 peti
1420 1607 1590 1664 potest.
1667 1601 1790 1650 Con-

60 1683 201 1731 sentit
242 1687 398 1730 autem
439 1682 516 1730 hic
559 1682 709 1730 codex
759 1683 860 1731 fere
909 1685 1087 1746 ubique
1138 1700 1244 1731 cum
1295 1683 1460 1732 codice
1511 1683 1787 1742 Decurtato,

60 1765 193 1812 cuius
228 1764 487 1826 imaginem
515 1761 838 1811 Schneiderus
873 1765 1230 1827 exprimendam
1257 1765 1441 1813 curavit
1469 1763 1790 1812 Vratislaviae

60 1861 100 1893 a.
149 1847 284 1894 1834.
356 1843 582 1894 Codicem
626 1845 918 1904 Parisinum,
965 1845 1024 1893 de
1068 1847 1204 1894 cuius
1240 1846 1400 1894 indole
1436 1845 1536 1892 dixi
1570 1844 1620 1891 in
1654 1860 1789 1907 prae-

59 1927 236 1974 fatione
277 1926 338 1974 ad
372 1925 637 1973 Trinummi
680 1925 932 1974 editionem
981 1927 1179 1974 alteram
1223 1944 1267 1990 p.
1306 1926 1425 1974 XIV
1469 1931 1515 1974 et
1555 1926 1604 1972 in
1647 1925 1789 1973 adno-

57 2007 315 2055 tationibus
365 2023 410 2069 p.
457 2009 570 2067 122,
614 2007 719 2070 ipse
763 2007 954 2056 contuli.
1029 2008 1106 2054 Ex
1151 2008 1224 2055 his
1266 2007 1402 2055 libris
1445 2007 1605 2054 omnia
1639 2006 1785 2064 attuli,

60 2104 181 2151 quae
215 2088 275 2136 ad
308 2093 484 2136 textum
522 2088 899 2137 constituendum
935 2088 1013 2135 vel
1056 2088 1116 2135 ad
1159 2087 1367 2136 indolem
1409 2103 1572 2135 eorum
1608 2087 1787 2150 perspi-

60 2169 275 2217 ciendam
308 2169 482 2217 idonea
515 2170 621 2217 visa
662 2174 792 2218 sunt:
840 2169 1057 2217 consulto
1093 2173 1250 2216 autem
1288 2168 1427 2216 omisi
1464 2183 1668 2223 errores,
1706 2168 1787 2229 qui

59 2266 117 2298 ex
150 2267 301 2313 prava
319 2251 609 2314 syllabarum
638 2251 717 2298 vel
750 2250 1092 2299 vocabulorum
1130 2248 1432 2297 distinctione
1467 2248 1564 2296 nati
1600 2252 1708 2296 sunt
1743 2253 1788 2295 et

60 2332 154 2380 alia
189 2331 435 2393 quaedam,
474 2347 598 2393 quae
633 2332 749 2379 nulli
784 2331 892 2380 usui
928 2335 1046 2378 sunt.

185 2413 261 2460 De
296 2413 515 2461 versibus
550 2412 757 2475 (lenique
792 2411 988 2459 comicis
1024 2416 1070 2458 et
1105 2410 1163 2457 de
1199 2415 1300 2457 arte
1323 2409 1483 2456 Plauti
1518 2408 1636 2456 satis
1661 2425 1688 2456 a
1711 2424 1786 2456 me

60 2493 345 2556 disputatum
389 2499 460 2541 est
499 2494 547 2540 in
590 2493 886 2556 praefatione
922 2491 982 2538 ad
1016 2491 1345 2538 Trinummum
1388 2495 1433 2537 et
1473 2490 1522 2536 in
1564 2489 1685 2536 libro
1727 2488 1786 2536 de

60 2574 390 2622 enunciatione
441 2574 618 2622 latinae
658 2574 854 2636 linguae
896 2573 946 2619 in
996 2577 1155 2618 vetere
1200 2570 1522 2618 Romanorum
1574 2568 1786 2617 dramate

60 2670 147 2702 nec
182 2653 439 2716 quidquam
472 2654 641 2714 habeo,
680 2654 807 2715 quod
844 2652 1109 2700 addendum
1153 2667 1260 2699 esse
1293 2650 1521 2698 videatur.

188 2783 369 2847 Scripsi
402 2784 615 2832 Berolini
649 2800 708 2832 m.
746 2783 975 2831 Novemb.
1013 2798 1041 2829 a
1070 2780 1485 2829 MDCCCLXIH.
1526 2749 1529 2751 Δ

1543 3112 1581 3146 l*
