2022 3314
208 66 266 108 64
979 60 1161 98 PLAu‘n
1719 66 1781 113 (v,
1804 67 1936 114 5-17)

115 185 185 221 885
209 183 329 226 Potiu
362 187 406 225 ut
436 181 538 224 mihi
568 182 767 226 molestus
798 183 851 225 ne
882 183 974 226 sis?

889 309 1258 357 STRATOPHANES.

1035 408 1146 460 Quid
1177 408 1220 451 id
1252 413 1328 462 est,
1359 407 1704 462 Astaphilitium?
1887 407 1938 453 (5)

937 535 1213 580 ASTAPHIUM.

206 631 353 675 Merito
384 630 548 675 coestor
579 632 651 676 tibi
684 633 910 677 suscenset.

919 759 1223 802 PflRoNEsmM.

967 857 1076 899 Eho!
1109 871 1219 900 anne
1249 858 1367 901 istice
1399 858 1523 901 etiam
1556 858 1705 911 parum

204 929 315 972 Male
345 929 472 972 volb‘?

888 1053 1259 1100 STRATOPHANES.

525 1149 618 1207 Ego
649 1167 740 1196 mea
773 1152 982 1206 voluptas,
1016 1153 1050 1194 si
1083 1153 1182 1207 quid
1215 1152 1388 1206 peccavi
1420 1153 1549 1206 prius,

205 1223 466 1277 Supplicium
498 1222 555 1265 iul
585 1228 625 1266 te
657 1223 765 1267 hanc
799 1222 888 1265 fero
920 1223 1076 1264 minam
1108 1223 1218 1265 auri:
1251 1224 1332 1266 nisi
1363 1223 1418 1265 mi
1450 1224 1600 1278 credis,
1641 1224 1816 1278 respice.

919 1350 1224 1392 PHRONESIUM.

203 1449 354 1492 Manus
385 1448 512 1502 vetitt,
545 1449 789 1503 priusquam
821 1448 952 1502 pones
984 1462 1077 1490 sese
1108 1448 1277 1502 habeat,
1310 1450 1533 1502 quicquam
1564 1448 1749 1492 credere.

47 1577 49 1579 ι
110 1535 180 1570 590
203 1521 339 1563 Puero
369 1520 493 1574 opust
522 1519 672 1573 cibum,
705 1532 810 1573 opus
842 1523 904 1561 est
936 1519 1074 1560 autem
1107 1519 1242 1571 matri,
1276 1520 1386 1573 quae
1418 1533 1592 1573 puerum
1625 1520 1741 1573 lavit,
1865 1513 1938 1558 (10)

204 1591 321 1646 Opus
351 1590 515 1643 nutrici,
549 1589 778 1643 ampullam
810 1594 855 1632 ut
886 1589 1041 1631 haheat
1072 1590 1226 1632 veteris
1258 1590 1357 1643 viui,
1390 1590 1563 1644 largiter

205 1662 259 1705 Ut
289 1662 379 1714 dies
410 1665 638 1714 noctesque
669 1660 800 1713 pOtct:
836 1673 941 1714 opus
974 1660 1100 1714 liguo,
1134 1661 1257 1713 Opust
1289 1660 1552 1713 carbonibus,

202 1732 365 1775 Fasciis
397 1735 533 1785 opust,
567 1731 761 1784 pulvinis,
794 1731 925 1783 cuuis,
963 1730 1249 1774 incunabulis:

203 1802 350 1846 Oleum
383 1803 519 1856 opust,
552 1801 691 1843 farina
724 1801 851 1854 puero
885 1804 1022 1854 opust,
1054 1801 1178 1854 opust
1209 1804 1339 1843 totum
1372 1800 1497 1843 diem.

110 1889 178 1924 895
203 1874 441 1927 Numquam
471 1872 550 1914 hoc
582 1872 664 1913 uno
696 1870 764 1913 die
796 1870 1005 1914 efficizitur
1034 1883 1155 1924 opus,
1187 1871 1286 1924 quin
1318 1872 1423 1925 opus
1455 1883 1620 1924 semper
1652 1870 1740 1913 siet.
1862 1866 1936 1909 (15)

204 1946 296 1989 Non
329 1944 437 1987 enim
469 1944 644 1998 pessunt
676 1942 877 1984 militares
910 1941 1029 1996 pueri
1063 1941 1201 1984 eluvie
1233 1941 1411 1984 educier.

885 2068 1256 2112 STRATOPHANES.

206 2170 384 2226 Respice
414 2167 514 2224 ergo
547 2172 672 2222 atque
703 2166 849 2220 accipe
879 2166 996 2220 hooc,
1029 2167 1099 2221 qui
1131 2167 1235 2210 istuc
1270 2164 1432 2209 e'fficias
1463 2165 1580 2220 opus.

349 2366 429 2405 885.
467 2367 574 2403 Potin
599 2368 639 2402 ut
676 2363 845 2402 Bothius:
885 2361 991 2401 codd.
1033 2364 1140 2400 Potin
1180 2374 1219 2399 es
1255 2366 1305 2401 ut.
1357 2361 1500 2400 Deinde
1537 2364 1618 2401 sies,
1673 2363 1770 2408 Quid
1808 2364 1844 2402 id
1881 2369 1937 2402 est

206 2427 481 2473 Astaphilitium
518 2425 688 2461 Bothius:
751 2424 795 2461 V.
825 2424 870 2460 D.
909 2422 998 2467 quid
1037 2423 1269 2468 astapilitium
1308 2426 1385 2469 ost,
1435 2423 1473 2460 P.
1512 2423 1599 2467 quid
1639 2426 1695 2458 est
1735 2423 1937 2470 Ascaphili-

207 2489 309 2523 tium.
382 2486 462 2522 886.
489 2485 532 2522 V.
559 2485 602 2522 D.
630 2484 699 2520 sibi
725 2494 760 2529 p.
786 2482 854 2517 tibi
892 2502 935 2507 ——
975 2480 1082 2526 legou
1107 2492 1144 2527 p.
1171 2482 1249 2527 cho,
1274 2482 1312 2519 P.
1341 2492 1446 2527 egon.
1497 2481 1638 2517 Deinde
1663 2482 1768 2520 codd.
1795 2492 1935 2518 omnes:

209 2551 319 2592 atque
355 2555 400 2580 ne
439 2545 498 2579 isti
536 2544 655 2580 etiam.
716 2537 855 2586 Scripsi
895 2550 986 2575 anne
1025 2541 1128 2576 isticc
1168 2540 1287 2577 ctiam.
1373 2540 1454 2577 888.
1481 2539 1524 2577 V.
1564 2541 1721 2578 archano
1758 2552 1792 2586 p.
1831 2540 1877 2576 ad
1903 2545 1939 2576 tc

208 2605 313 2647 hanc,
350 2603 394 2640 D.
433 2602 478 2638 ad
517 2602 622 2647 hanc,
659 2600 698 2638 P.
736 2605 792 2636 cst
829 2600 933 2636 hauc.
972 2597 1079 2635 codd.
1105 2598 1238 2633 minam
1265 2598 1352 2636 fero.
1403 2599 1448 2636 V.
1475 2599 1518 2636 D.
1557 2600 1586 2634 si
1625 2599 1709 2635 mihi
1747 2599 1938 2645 ridespice‚

209 2664 249 2701 P.
292 2664 322 2699 si
363 2661 449 2697 mihi
491 2661 601 2696 rides.
671 2659 882 2696 Acidalius:
934 2657 1009 2692 fero
1051 2658 1184 2692 minam
1227 2659 1321 2693 auri:
1373 2658 1442 2693 nisi
1491 2658 1538 2692 mi
1582 2659 1710 2705 credis,
1757 2657 1934 2694 Muretus:

208 2722 360 2767 respice.
434 2720 514 2757 889.
538 2720 578 2757 Ρ.
605 2722 732 2755 vetant
751 2738 792 2744 —-
812 2716 981 2753 habeant.
1033 2716 1077 2753 V.
1103 2727 1198 2761 pane
1223 2727 1259 2762 p.
1286 2726 1408 2763 penes.
1482 2717 1563 2754 890.
1590 2720 1711 2753 autem
1737 2718 1842 2752 matri
1868 2716 1935 2753 Bo-

208 2782 324 2817 thius:
352 2780 457 2818 codd.
481 2780 586 2815 matri
613 2782 745 2815 autem.
797 2777 876 2813 891.
891 2775 936 2812 V.
964 2778 1060 2810 attut
1085 2775 1206 2821 abeat,
1245 2776 1290 2814 D.
1316 2776 1356 2813 P.
1384 2778 1504 2811 actute
1529 2775 1673 2814 habeat.
1699 2774 1836 2820 Scripsi
1864 2787 1935 2810 aui-

208 2840 343 2884 pullam
383 2843 423 2874 ut
460 2837 603 2875 habeat.
676 2838 756 2874 892.
784 2837 828 2874 V.
856 2840 965 2880 opust
990 2837 1082 2881 icoo,
1118 2835 1163 2873 D.
1189 2839 1298 2880 opust
1323 2836 1406 2871 istic
1432 2846 1514 2877 non,
1551 2835 1591 2873 P.
1628 2845 1719 2879 opus
1745 2835 1828 2870 istic
1852 2845 1936 2880 nou,

209 2899 290 2936 cod.
318 2897 556 2942 schobingeri
581 2896 700 2942 lignis.
750 2895 840 2931 Indc
865 2895 1020 2930 Botlnius
1046 2905 1138 2940 opus
1164 2894 1281 2940 ligno.
1378 2895 1459 2931 893.
1486 2894 1529 2930 V.
1555 2892 1683 2938 falens,
1715 2893 1759 2930 D.
1783 2894 1823 2931 P.
1849 2892 1935 2929 faci-

209 2958 278 2993 liis.
351 2957 430 2992 894.
457 2955 564 2991 codd.
591 2955 706 2989 farina
738 2965 851 2998 purus
877 2957 932 2989 est
956 2957 1071 2989 totum
1100 2954 1207 2991 diem.
1281 2955 1360 2990 895.
1387 2954 1426 2991 Ρ.
1453 2952 1638 2989 efficietur.
1714 2952 1792 2989 896.
1819 2951 1863 2989 V.
1889 2951 1933 2997 D,

210 3026 368 3059 possum.
394 3014 499 3051 codd.
538 3014 661 3050 etauio
698 3014 877 3049 cxducicr.
929 3013 1065 3057 Scripsi
1103 3013 1232 3049 eluvie.
1306 3014 1386 3049 597.
1413 3022 1499 3056 crgo
1537 3013 1646 3054 atquc
1684 3010 1808 3056 accipe
1844 3009 1936 3045 hoce

209 3073 379 3108 Bothius:
420 3072 524 3110 codd.
551 3083 638 3118 crgo
664 3073 789 3117 accipe
815 3072 894 3108 hoc.
941 3071 981 3109 P.
1009 3070 1208 3107 Phronesio
1234 3070 1313 3107 dat:
1354 3071 1450 3114 Quid
1474 3070 1567 3106 istuc
1600 3072 1656 3106 est
1680 3080 1715 3116 p.
1742 3071 1804 3116 qui
1829 3070 1935 3107 istuc.

210 3131 255 3169 V.
281 3132 325 3168 D.
352 3142 395 3168 ex
420 3131 569 3168 efficias.
