2022 3314
217 65 274 107 52
787 63 790 66 ’
995 58 1177 95 PLAUTI
1259 102 1262 105 ,
1639 59 1714 107 (W,
1738 61 1772 106 2,
1785 58 1942 106 26-38)

927 205 1224 247 DINIARCHUS.

214 274 322 317 Dedi
353 274 544 329 equidem
576 273 750 318 heeedie
781 274 844 317 eei
875 276 1057 328 quinque
1087 274 1251 329 argenti
1283 274 1435 319 deferri
1468 275 1615 328 minas,

212 346 435 389 Praeterea
468 346 592 387 imam
625 346 666 388 in
698 345 959 387 obsonatum.

936 428 1215 470 As'rAPHmM.

1055 498 1173 541 Idem
1203 499 1309 541 istuc
1340 496 1526 540 delatum
1557 497 1655 540 scie.

211 568 275 611 Dc
307 581 356 611 eo
386 582 495 612 nunc
531 567 633 611 bene
665 581 807 612 sumus
837 573 909 610 tua
942 570 1106 611 virtute·

928 650 1226 694 Dmmncrms.

1212 721 1344 762 Immo
1376 724 1419 762 ut
1450 721 1604 763 inimici
1637 722 1718 763 mei

119 796 187 833 730
211 792 330 834 Bona
361 792 492 834 istaec
524 790 775 834 ciuncdant‘?
805 794 1008 834 mortuom
1041 790 1181 833 hercle
1212 804 1291 845 me,
1324 804 1448 845 quam
1481 790 1523 833 id
1546 790 1695 844 patiar,
1728 790 1937 834 mavelim.

933 874 1211 915 ASTAPHIUM.

209 944 351 987 Malim
382 946 571 987 inimicos
603 943 791 986 invidere
824 944 923 986 mihi
957 957 1080 997 quam
1113 956 1178 987 me
1210 943 1387 986 inimicis
1419 946 1536 997 meis,
1867 938 1939 982 (30)

207 1015 315 1057 Nam
346 1015 532 1058 invid‹'·1·c
565 1015 636 1057 alii
669 1015 773 1057 bene
806 1014 912 1067 csse,
945 1015 1017 1055 tihi
1052 1014 1149 1056 dum
1182 1014 1291 1057 male
1325 1014 1396 1067 sit,
1430 1015 1596 1057 miseria
1630 1013 1704 1056 cst.

206 1084 287 1136 Qui
318 1085 518 1138 invident,
552 1086 610 1127 illi
642 1085 852 1139 indigent:
887 1085 1035 1139 quibus
1068 1084 1291 1137 invidetur,
1324 1084 1365 1126 hi
1399 1099 1483 1127 rem
1518 1085 1684 1127 hahent.

205 1155 380 1199 Stultius
410 1156 509 1209 quid
542 1155 636 1198 est‘?
681 1157 912 1210 Aperircm,
946 1155 1131 1208 requiem
1162 1157 1258 1208 quia
1294 1155 1364 1208 pol
1397 1156 1604 1198 mavelim.

922 1238 1219 1280 DINIARCHUS.

112 1316 180 1352 735
206 1307 298 1350 Non
329 1308 439 1362 licet,
473 1309 595 1352 modo
629 1309 820 1353 obsonati
850 1324 915 1352 mc
947 1309 1195 1363 participem
1227 1308 1346 1351 fieri?

928 1393 1207 1434 ASTAPHIUM.

204 1460 249 1503 Si
279 1461 452 1504 volebas
484 1463 742 1516 participari,
775 1462 963 1505 auferres
996 1462 1212 1504 dimidium
1245 1461 1424 1503 domum.
1861 1456 1934 1501 (35)

204 1531 311 1574 Nam
343 1531 483 1574 itidem
516 1533 583 1576 hie
616 1536 660 1576 ut
689 1533 940 1576 Aee-heremi
973 1533 1077 1575 ratio
1110 1532 1270 1586 acce'pti
1305 1531 1512 1574 scribitur:

203 1602 315 1643 Intro
348 1603 596 1656 accipimus:
631 1603 798 1656 quando
831 1603 1049 1657 acceptum
1080 1607 1155 1651 est,
1186 1617 1268 1645 non
1302 1601 1438 1656 potest
1468 1601 1564 1645 ferri
1604 1601 1731 1644 foras.

201 1671 314 1715 Bene
345 1672 453 1715 vale.

915 1757 1212 1800 D1N1A1zcnns.

523 1827 697 1871 Resiste.

929 1911 1207 1953 ASTAPHIUM.

781 1979 949 2034 Omitte,
982 1982 1085 2023 siue.

916 2053 1212 2094 Dixlmzciins.

1147 2122 1263 2165 Mitte
1294 2122 1412 2164 intro,

295 2317 373 2354 727.
411 2316 454 2354 V.
493 2316 604 2354 dedit.
642 2317 746 2355 codd.
785 2328 911 2354 omncs
937 2318 1044 2354 hodie
1069 2320 1112 2354 ei.
1190 2319 1268 2356 728.
1301 2319 1345 2357 V.
1371 2319 1415 2356 D.
1449 2329 1570 2355 unum.
1597 2317 1641 2354 D.
1675 2317 1930 2360 obsonantum,

198 2373 238 2411 P.
265 2374 467 2414 obsonium.
541 2376 620 2413 729.
646 2375 690 2413 V.
715 2375 759 2414 D.
787 2387 866 2413 sum
893 2380 956 2414 tua
987 2378 1170 2414 virtutem.
1197 2377 1340 2413 Deinde
1371 2378 1411 2414 P.
1444 2378 1552 2412 immo
1578 2380 1630 2422 et,
1655 2376 1699 2414 V.
1725 2376 1854 2412 imeme
1880 2380 1929 2419 ut,

201 2432 245 2470 D.
271 2433 366 2470 imae
391 2440 440 2479 ut,
466 2434 499 2471 V
524 2435 568 2473 D.
593 2435 762 2470 iniemici.
839 2437 918 2474 730.
944 2437 987 2475 V.
1013 2437 1057 2473 D.
1085 2438 1165 2472 istie
1191 2437 1331 2482 cedent,
1348 2438 1386 2474 P.
1406 2438 1497 2472 istoc
1514 2436 1634 2473 edent.
1660 2435 1802 2472 Deinde
1820 2446 1928 2481 quam

202 2491 239 2526 id
264 2492 303 2530 P.
330 2493 446 2529 solus:
474 2493 518 2530 V.
537 2494 581 2530 D.
608 2504 717 2539 quam
742 2498 783 2529 ut
809 2495 856 2531 id.
885 2496 1114 2533 codd.01n1u.
1131 2497 1310 2533 mavelim.
1340 2497 1418 2533 731.
1434 2495 1538 2532 codd.
1555 2495 1639 2530 mihi
1657 2494 1822 2531 inimicos
1837 2494 1926 2530 inui-

202 2550 297 2597 dere,
324 2551 393 2586 nisi
419 2551 517 2598 quod
542 2553 586 2590 V.
612 2553 657 2590 D.
684 2553 850 2589 inimicus
877 2553 1088 2592 inuiderem.
1162 2556 1241 2592 732.
1269 2554 1423 2599 Scripsi:
1451 2555 1535 2589 dum
1566 2554 1659 2589 male
1684 2554 1742 2591 sit..
1791 2553 1836 2590 V.
1863 2554 1929 2589 tibi

201 2609 295 2646 male
318 2620 436 2647 essem
464 2611 559 2647 seria
584 2622 641 2648 me
667 2613 711 2658 si,
748 2612 793 2650 D.
820 2613 885 2648 tibi
911 2613 1006 2648 male
1031 2623 1113 2649 csse
1139 2613 1271 2649 inser-ia
1297 2614 1396 2650 mesi.
1440 2614 1479 2651 P.
1505 2613 1572 2649 tibi
1597 2613 1691 2648 male
1717 2621 1796 2647 esse
1822 2612 1927 2647 mise-

199 2678 278 2703 rum
305 2672 372 2706 cst.
446 2671 524 2708 733.
550 2671 594 2707 V.
620 2671 665 2709 D.
693 2671 790 2714 Quid
814 2682 849 2717 p.
878 2671 958 2714 Qui.
985 2672 1127 2709 Deinde
1152 2672 1193 2710 P.
1220 2676 1329 2718 egent
1356 2673 1406 2708 illi
1444 2683 1478 2717 p.
1510 2673 1563 2707 illi
1601 2672 1776 2717 indigent,
1813 2671 1857 2708 V.
1883 2670 1926 2708 D.

197 2730 308 2772 egent
345 2727 428 2766 illis.
467 2729 635 2776 Denique
666 2730 712 2767 V.
743 2730 787 2768 D.
826 2731 915 2768 irem
948 2731 1101 2778 habent,
1131 2731 1201 2767 nisi
1234 2732 1331 2777 quod
1371 2731 1415 2768 D.
1449 2731 1576 2776 iraem,
1609 2731 1649 2766 P.
1681 2740 1754 2765 rem
1781 2730 1927 2765 habent.

198 2784 277 2822 734.
303 2786 348 2824 V.
373 2786 417 2824 D.
443 2785 584 2823 Stultus
612 2788 700 2833 quid
725 2793 782 2824 cst
809 2789 996 2837 aperirem,
1021 2791 1060 2828 P.
1089 2791 1225 2825 stultus
1251 2791 1312 2836 qui
1340 2791 1404 2825 <los
1431 2801 1469 2825 cs
1489 2789 1636 2836 aperire.
1662 2788 1804 2824 Deinde
1821 2789 1926 2826 codd.

197 2853 322 2880 omnes
355 2845 416 2890 qui
449 2846 517 2881 iam
550 2857 585 2891 p.
617 2847 789 2893 requiem.
865 2848 943 2885 735.
976 2850 1020 2887 V.
1059 2849 1139 2886 Non
1172 2850 1257 2885 licet
1289 2850 1335 2885 do
1366 2849 1495 2885 obsoni
1526 2859 1582 2884 me
1608 2847 1856 2894 participum,
1881 2847 1926 2884 D.

197 2901 278 2937 Non
304 2903 391 2940 licet
415 2903 461 2940 do
487 2903 631 2941 obsonii
658 2917 714 2941 mc
740 2905 964 2953 participem,
992 2908 1030 2945 l'.
1058 2910 1131 2946 Ast.
1164 2909 1244 2945 Non
1270 2909 1365 2946 licet.
1400 2910 1456 2943 Di.
1482 2908 1539 2944 Da
1565 2906 1709 2943 obsonii
1735 2916 1792 2942 me
1816 2906 1924 2951 parti-

197 2959 325 3004 cipem.
401 2963 480 3000 737.
507 2963 610 3002 codd.
637 2974 761 3001 omnes
788 2965 883 3002 idem
910 2977 944 3010 p.
972 2966 1107 3004 itidem.
1132 2967 1176 3004 D.
1195 2969 1234 3004 P.
1263 2971 1302 3003 ut
1330 2967 1514 3004 acheronti
1540 2966 1609 3012 hic,
1633 2966 1678 3004 V.
1697 2969 1737 3001 ut
1763 2965 1924 3012 Ageonti

194 3016 264 3054 hic.
299 3020 342 3058 V.
376 3031 524 3070 acccpu,
554 3023 598 3062 D.
632 3023 768 3069 accepi.
844 3024 923 3062 738.
949 3024 992 3062 V.
1028 3026 1071 3063 D.
1106 3027 1325 3072 accipiamur
1356 3028 1394 3065 P.
1428 3029 1615 3070 acceptum
1649 3035 1683 3068 p.
1717 3024 1925 3070 accipimus.

196 3075 239 3113 V.
266 3077 309 3114 D.
337 3078 439 3118 ferre.
516 3083 594 3121 739.
626 3083 665 3121 P.
702 3083 789 3120 siste
815 3094 848 3128 p.
875 3084 1013 3122 resiste.
1054 3085 1195 3123 Deinde
1233 3086 1276 3123 V.
1303 3086 1345 3122 D.
1375 3086 1503 3122 amitto
1529 3097 1562 3130 p.
1588 3085 1701 3119 mitte.
1728 3084 1768 3119 P.
1795 3083 1922 3119 omitte

193 3145 260 3173 mc.
291 3138 345 3174 Di.
373 3139 512 3177 omitto.
